3242 5684
1153 617 1274 670 DE
1295 616 1762 672 MIRABILIB
1772 617 1869 672 US
2611 623 2682 682 51

373 793 758 866 capitulum
788 795 971 856 XIII.
1059 787 1451 852 Adventitia
1501 788 1652 849 dico
1703 788 2018 863 volatilia,
2055 807 2205 868 qvae
2255 797 2397 851 tota
2444 789 2682 864 hyeme

289 886 482 947 nobis
513 905 644 948 non
675 895 1150 950 conversantur
1179 906 1255 948 ac
1285 907 1366 949 ne
1395 897 1783 966 spectantur
1821 888 2107 967 qvidem,
2144 889 2371 968 qvales
2398 897 2555 950 sunt
2610 897 2683 949 ut

297 985 658 1064 plurimum
713 1005 977 1048 anseres
1033 995 1344 1065 agresteS,
1397 1006 1831 1066 graagaaser,
1896 1007 1933 1048 a
1991 988 2250 1050 cinereo
2305 989 2522 1050 colore
2593 988 2688 1049 sic

299 1087 666 1164 appellatae‚
733 1087 968 1165 cygnis
1023 1087 1222 1164 paulo
1280 1088 1584 1162 minoreS,
1650 1107 1799 1167 qvae
1855 1087 2119 1149 infinito
2175 1106 2341 1166 pene
2412 1089 2721 1149 numero‘

301 1186 520 1247 vernis
549 1187 956 1266 temporibus
984 1187 1270 1248 insulam
1298 1196 1648 1266 occupant,
1688 1187 2063 1267 ubicunqve
2091 1196 2311 1249 tamen
2340 1188 2423 1249 de
2451 1188 2685 1250 bruma

298 1285 566 1348 lateant.
661 1285 864 1348 Fama
892 1295 992 1348 est
1021 1287 1360 1366 proximas
1388 1295 1616 1360 terraS,
1655 1287 1991 1365 Angliam,
2030 1287 2440 1360 Hiberniam,
2479 1288 2685 1348 Irlan-

297 1381 525 1458 diam,¹
580 1385 894 1460 scotiam,
952 1385 1305 1467 qvotannis
1360 1395 1657 1465 repetere
1694 1388 2192 1449 autumnalibus
2250 1387 2677 1466 temporibus,

299 1485 688 1564 easdemqve
716 1487 940 1548 vernis
968 1504 1198 1549 rursus
1225 1487 1542 1560 deserere,
1579 1488 1739 1548 dum
1772 1487 1961 1548 nobis
2008 1487 2437 1549 famulantur.
2529 1488 2596 1547 N
2598 1505 2683 1548 on

300 1584 458 1644 mihi
492 1593 806 1663 tempero,
842 1585 1002 1665 qvin
1033 1586 1399 1647 adscribam
1429 1586 1704 1648 istarum
1734 1586 1958 1648 avium
1990 1605 2184 1648 usum
2225 1587 2687 1666 praestantissi-

300 1702 499 1758 mum,
539 1704 691 1746 nam
721 1705 854 1747 non
882 1686 1098 1748 solum
1127 1705 1252 1748 ova
1293 1685 1690 1764 gratissima,
1725 1687 1839 1748 sed
1886 1687 2086 1748 etiam
2118 1706 2347 1749 carnes
2389 1687 2688 1766 proprias

299 1785 656 1846 vescendas
709 1794 776 1847 et
805 1786 1066 1864 plumas
1121 1787 1403 1847 utendas
1429 1785 1750 1847 beneficio
1806 1786 2035 1848 divino
2064 1787 2363 1864 praebent
2406 1797 2473 1849 et
2502 1788 2687 1866 qvasi

297 1886 588 1962 praedam
619 1885 812 1946 nobis
839 1885 1242 1964 relinqvunt.
1338 1888 1569 1965 Neqve
1600 1886 1919 1948 miraculo
1948 1894 2145 1962 caret,
2184 1887 2353 1966 qvod
2400 1905 2688 1966 aucupes

299 1985 503 2046 nostri
529 1993 791 2063 tempus
811 1985 1162 2062 diligenter
1188 1985 1563 2059 observant,
1593 2006 1723 2064 qvo
1752 1986 1917 2064 pulli
1937 1987 2244 2060 anserini,
2275 1987 2690 2048 mediocriter

297 2085 505 2146 adulti
541 2085 957 2164 maximeqve
994 2085 1294 2164 pingve3‚
1332 2104 1452 2147 nec
1509 2086 1669 2146 dum
1698 2086 1892 2163 plane
1949 2085 2253 2147 volatiles
2282 2086 2441 2148 facti
2500 2095 2679 2159 sunt,

299 2185 556 2246 deserta
586 2186 728 2247 loca
756 2185 1175 2264 potissimum
1206 2185 1604 2256 habitanteS,
1642 2203 1842 2264 qvum
1872 2186 2067 2247 simul
2098 2194 2402 2264 parentes
2429 2185 2686 2247 viribus

299 2285 633 2359 exhausti,
669 2285 904 2363 pennis
933 2287 1014 2346 ad
1045 2285 1434 2361 sangvinem
1467 2303 1672 2364 usqve
1702 2285 2020 2358 exsuctis,
2048 2285 2270 2347 volare
2328 2294 2677 2364 neqveant.

300 2382 510 2457 Tunc,
550 2385 837 2463 inqvam,
876 2385 1083 2446 nostri
1114 2393 1462 2447 venatores
1504 2387 1768 2458 adsunt,
1803 2385 2194 2463 praeparatis
2236 2393 2431 2446 antea
2487 2386 2687 2447 certis

299 2485 479 2564 qvasi
513 2485 822 2546 cancellis
852 2492 967 2546 aut
999 2485 1354 2563 aggeribus
1381 2486 1489 2546 vel
1527 2484 1919 2558 carceribuS,
1956 2504 2087 2563 qvo
2118 2503 2351 2563 greges
2396 2485 2684 2547 avicula·

301 2603 445 2646 rum
476 2594 790 2663 tanqvam
820 2603 976 2646 oves
1006 2585 1388 2647 mactandas
1437 2584 1623 2646 nullo
1655 2585 1923 2663 negotio
1968 2593 2201 2662 agunt,
2236 2604 2356 2665 pro
2414 2586 2686 2648 arbitrio

301 2693 364 2745 et
395 2685 834 2746 incarceratos
863 2692 1162 2758 enecant,
1199 2684 1729 2763 qvandoqvidem
1760 2683 1892 2745 illis
1922 2686 2104 2746 nulla
2135 2685 2363 2747 relicta
2394 2696 2492 2748 est
2524 2686 2686 2764 fuga

299 2785 550 2846 alarum
581 2784 855 2846 auxilio.
948 2785 1076 2847 Sed
1109 2803 1241 2845 non
1294 2785 1468 2846 ultra
1495 2784 1850 2862 digrediar,
1886 2785 2083 2846 venio
2126 2785 2206 2845 ad
2238 2786 2485 2847 similes
2527 2788 2689 2848 alias

302 2903 455 2946 aves
483 2884 910 2963 ejusdemqve
933 2884 1213 2962 generis,
1250 2884 1363 2946 sed
1389 2884 1598 2945 forma
1629 2885 1827 2962 paulo
1849 2885 2154 2959 minores,
2185 2905 2335 2963 qvae
2358 2887 2685 2947 maritima

301 2985 518 3047 littora
539 2984 828 3046 maxime
847 2985 1172 3058 habitant,
1191 2985 1366 3046 unde
1383 3003 1620 3046 nomen
1640 3003 1897 3064 qvoqve
1915 2993 2262 3046 sortuntur
2279 3005 2678 3063 margaaser.

299 3086 425 3147 His
455 3085 592 3146 fere
621 3083 938 3146 simillimi
969 3092 1125 3146 sunt
1157 3083 1552 3163 helqyngiar,
1588 3084 1703 3162 qvi
1731 3084 2062 3162 duplicem
2092 3092 2412 3162 putantur
2443 3085 2685 3147 habere

297 3183 808 3262 generationem,
846 3185 1118 3245 alteram
1148 3184 1229 3245 de
1259 3183 1444 3261 ligno
1475 3184 1759 3263 qvodam
1790 3183 1990 3257 nasci,
2028 3183 2180 3244 vide
2208 3186 2570 3262 Josephum
2612 3185 2682 3247 in

296 3283 852 3364 Antiqvitatibus,
889 3284 1162 3344 alteram
1190 3303 1349 3345 vero
1387 3301 1504 3362 per
1553 3303 1681 3345 ova
1723 3283 2088 3362 provenire,
2126 3284 2296 3362 qvod
2355 3285 2686 3361 posterius

295 3402 440 3446 raro
471 3384 580 3445 hic
610 3384 874 3463 qvidem
903 3384 1030 3444 loci
1061 3383 1444 3460 contingere
1474 3384 1896 3445 observatum
1926 3390 2047 3456 est,
2078 3401 2275 3462 qvare
2305 3402 2516 3445 mares
2544 3403 2685 3447 esse

293 3501 518 3546 omnes
575 3483 912 3561 helsingos
943 3491 1270 3544 nostrates
1326 3502 1460 3545 uno
1491 3502 1602 3544 ore
1662 3491 2234 3560 argumentantur.
2328 3483 2457 3546 His
2514 3485 2686 3546 addo

292 3585 492 3657 oedur,
529 3584 831 3645 brentam
861 3583 1139 3644 fortasse
1173 3586 1406 3645 Petrus
1438 3582 1841 3661 Pomponius
1890 3583 2267 3661 appellavit,
2304 3583 2498 3661 cujus
2548 3604 2687 3646 mas

295 3676 460 3746 blike‘
483 3684 750 3757 dicitur,
781 3683 996 3744 colore
1025 3683 1211 3744 vario
1233 3692 1300 3744 et
1323 3682 1592 3760 insigni.
1687 3682 1987 3761 Reliqvae
2010 3692 2166 3745 sunt
2188 3703 2343 3746 aves
2372 3685 2677 3760 minoreS,

295 3784 598 3845 similiter
628 3801 760 3844 non
790 3783 916 3843 nisi
946 3783 1028 3844 de
1080 3790 1310 3845 aestate
1342 3783 1550 3844 nostri
1598 3781 1913 3861 hospites,
1952 3792 2026 3845 ut
2057 3793 2213 3845 sunt
2264 3785 2419 3859 kibe,
2455 3796 2685 3847 ventre

295 3885 459 3958 albo,
526 3891 766 3945 caetera
815 3882 1033 3944 colore
1089 3881 1458 3960 nigricante
1489 3905 1504 3956 ;
1571 3883 1731 3961 spbe,
1790 3891 2004 3944 rostro
2061 3884 2348 3960 oblongo
2404 3885 2685 3961 insignis

297 3984 477 4063 qvasi
508 3983 804 4056 ciconiae,
841 3983 1057 4044 colore
1101 3981 1296 4061 plane
1327 3982 1609 4044 cinereo.
1708 3983 1889 4044 Hinc
1946 3983 2185 4043 cassita
2214 3983 2355 4043 sive
2412 3983 2672 4057 alauda,

291 4081 537 4162 lo'ffua,'
577 4083 794 4160 grisco
848 4100 1106 4161 qvoqve
1165 4081 1401 4155 colore,
1438 4090 1673 4160 pectus
1730 4089 1797 4142 et
1860 4090 2157 4144 ventrem
2215 4082 2426 4158 nigra,
2484 4102 2681 4160 qvam

299 4184 476 4245 velut
533 4182 862 4244 indivisus
919 4199 1136 4244 comes
1191 4181 1390 4259 paulo
1447 4181 1663 4242 minor
1716 4179 2076 4260 lffluproell‚
2143 4180 2210 4239 id
2269 4189 2387 4254 est,
2452 4200 2685 4244 servus

297 4283 572 4344 cassitae.
667 4281 919 4343 Deinde
947 4281 1205 4355 stelkur,
1231 4280 1429 4342 simili
1459 4282 1677 4343 colore
1707 4279 1924 4340 rubris
1951 4279 2231 4357 pedibus
2248 4281 2635 4359 superbiens
2666 4305 2679 4358 ;

301 4391 435 4444 tum
493 4379 784 4456 tialldur,
821 4382 1014 4460 nigro
1071 4381 1255 4460 qvasi
1313 4381 1514 4459 pallio
1569 4380 1865 4452 indutus,
1903 4378 2327 4441 inferioribus
2381 4382 2685 4459 partibus

365 4530 381 4562 1

364 4531 589 4666 ’ξιξιῖὶῗο
611 4612 836 4679 margln
863 4629 874 4665 ε
909 4611 1227 4678 Sandldffa.
