3242 5684
517 652 596 711 74
1476 645 1945 700 ISLANDICA

510 817 728 892 aliam,
755 817 954 880 etiarn
983 817 1108 878 sub
1129 817 1315 896 aqvis
1343 834 1420 879 ac
1449 815 1837 878 fluminibus
1868 816 2277 890 vastissimis,
2302 817 2417 878 sed
2448 817 2649 878 etiam
2666 826 2909 894 stagna

509 927 576 980 et
605 919 788 980 lacus
815 916 1367 997 profundissimos
1393 917 1762 991 continent,
1799 934 2007 996 neqve
2038 917 2283 979 nostris
2312 917 2721 995 temporibus
2752 917 2907 976 visi-

509 1027 738 1080 tantur
809 1025 1078 1096 propter
1147 1015 1508 1077 terribilem
1579 1016 2165 1078 monstrositatem.
2300 1015 2561 1078 Nefarii
2633 1016 2907 1094 qvidam

511 1117 813 1180 homines
840 1127 906 1179 et
929 1117 1212 1179 civiliter
1233 1115 1476 1178 mortui
1509 1135 1639 1178 non
1672 1134 1820 1176 raro
1850 1115 2009 1177 illuc
2031 1135 2102 1177 se
2130 1116 2505 1190 conferunt,
2530 1116 2907 1196 ibidemqve

509 1219 624 1280 diu
682 1217 972 1289 latitant,
1037 1215 1408 1293 latrocinijs
1465 1215 1603 1277 fere
1662 1216 1868 1278 vitam
1938 1225 2395 1278 sustentantes
2450 1216 2532 1277 ad
2606 1217 2907 1278 thermae

511 1318 830 1380 caldiores
879 1316 1193 1379 victualia
1241 1315 1687 1394 decoqvend0.
1782 1315 1929 1377 Illic
1972 1335 2226 1396 qvoqve
2258 1316 2557 1378 habitare
2588 1316 2908 1378 trollones

510 1427 576 1480 et
607 1419 820 1480 alfvos
849 1417 1091 1494 vulgus
1119 1415 1462 1476 hominum
1491 1415 1824 1494 opinatur,
1861 1416 1943 1476 de
1972 1416 2212 1496 qvibus
2240 1416 2309 1477 in
2340 1416 2639 1495 seqventi
2684 1416 2905 1494 capite

511 1538 720 1598 pauca
750 1517 964 1580 obiter
993 1515 1252 1578 addam.

593 1643 977 1715 Capitulum
1005 1639 1316 1700 XXXIII.
1415 1631 1592 1692 Trbll
1615 1632 1887 1711 antiqua
1908 1631 2324 1693 Islandorum
2354 1631 2581 1709 lingva
2602 1632 2905 1693 solebant

509 1735 824 1815 appellari
855 1733 1156 1794 homines
1184 1740 1574 1794 monstrosae
1613 1731 2114 1809 magnitudiniS,
2152 1734 2377 1810 qvales
2426 1732 2538 1792 hic
2565 1732 2692 1793 loci
2745 1752 2900 1811 qvo-

506 1855 632 1915 qve
661 1833 996 1895 habitasse
1023 1841 1280 1894 certum
1307 1840 1428 1906 est,
1457 1831 1783 1910 siqvidem
1813 1831 2165 1894 Gretterus
2194 1841 2437 1905 noster,
2494 1832 2900 1893 athletarum

506 1936 611 1998 sui
669 1933 984 2012 temporis
1013 1931 1434 2004 fortissimuS,
1471 1939 1625 1992 octo
1682 1931 1873 1992 ulnas
1914 1932 2311 2009 proceritate
2366 1951 2487 1994 sua
2546 1951 2901 2011 exaeqvare

505 2035 816 2107 creditur,
854 2033 960 2095 cui
990 2032 1238 2094 similes
1267 2039 1332 2092 et
1364 2030 1649 2109 majores
1672 2031 1843 2092 forte
1872 2031 2031 2092 olim
2054 2031 2407 2111 aliqvando
2433 2031 2649 2110 patria
2673 2041 2899 2095 nostra

504 2135 694 2197 vidit.
785 2134 917 2197 Sed
947 2133 1076 2193 iam
1106 2133 1221 2193 diu
1251 2140 1373 2205 est,
1410 2140 1757 2211 postqvam
1780 2129 1958 2193 istud
1979 2149 2191 2209 genus
2214 2131 2555 2192 hominum
2579 2133 2752 2210 apud
2778 2151 2903 2194 nos

503 2235 724 2313 desijt,
763 2253 973 2313 neqve
1003 2242 1158 2295 ante
1189 2232 1434 2294 multos
1475 2242 1654 2292 retro
1682 2250 1892 2292 annos
1934 2231 2276 2310 qvisqvam
2306 2231 2619 2292 inventus
2662 2231 2889 2306 fuerit,

505 2337 614 2416 qvi
671 2333 1156 2414 sesqvitertiam
1188 2333 1412 2394 ulnam
1471 2331 1904 2409 superaverit.
1996 2331 2413 2392 Vocabulum
2472 2341 2693 2392 tamen
2754 2333 2909 2393 trbll

505 2437 721 2498 adhuc
765 2435 834 2495 in
879 2453 1004 2496 usu
1049 2441 1170 2506 est,
1207 2431 1465 2512 qvoties
1509 2433 1965 2493 monstrosam
1990 2431 2429 2510 qvantitatem
2474 2433 2579 2492 vel
2622 2432 2900 2510 spiritus

502 2535 626 2614 ipsi
660 2536 1017 2595 humanam
1049 2533 1331 2608 figuram
1362 2531 1544 2593 vafre
1574 2532 1986 2605 inducentes,
2024 2533 2129 2593 vel
2178 2531 2328 2610 ipsi,
2364 2532 2419 2592 si
2450 2542 2629 2605 sunt,
2656 2533 2895 2594 monti-

501 2634 666 2697 colae
715 2632 1008 2710 corporei
1039 2639 1400 2704 ostentant,
1436 2649 1715 2709 qvorum
1739 2639 2090 2709 utrumqve
2120 2631 2463 2709 aeqvaliter
2492 2640 2567 2693 ut
2611 2631 2897 2694 libenter

501 2735 756 2812 ignoro.
851 2734 931 2792 In
985 2731 1156 2792 vivis
1185 2749 1339 2792 vero
1388 2739 1566 2804 sunt,
1603 2731 1713 2809 qvi
1766 2731 1996 2792 eadem
2026 2749 2299 2808 corpora
2330 2731 2574 2793 vidisse
2602 2751 2671 2792 se
2700 2741 2894 2794 autu·

503 2843 708 2907 mant,
746 2832 957 2894 forma
1013 2831 1176 2892 satis
1234 2829 1548 2892 horribile
1603 2849 1681 2891 ac
1737 2830 1923 2892 cultu
1982 2839 2241 2892 tantum
2300 2849 2432 2892 non
2489 2832 2889 2906 detestabili,

499 2933 828 2996 foeminini
849 2931 1266 3011 potissimum
1287 2949 1510 3003 sexuS,
1541 2931 1695 3009 qvia
1714 2930 1997 2992 aniculae
2016 2939 2265 2992 nostrae
2292 2939 2528 3009 putant
2559 2932 2893 2995 masculos

497 3055 638 3097 esse
709 3033 1062 3095 defunctos
1133 3031 1407 3110 ideoqve
1479 3031 2023 3109 propagationem
2095 3031 2434 3093 defecisse.
2550 3032 2897 3111 Qvomodo

497 3143 721 3198 autem
792 3134 1022 3195 vivant
1081 3132 1286 3192 moles
1353 3131 1502 3192 istae
1576 3130 1931 3208 giganteae,
1996 3130 2321 3192 curiosius
2394 3149 2527 3192 non
2598 3131 2884 3211 inqvir0.

497 3236 742 3299 Ovium
790 3233 1088 3312 profecto
1137 3249 1415 3308 magnus
1466 3246 1779 3290 numerus
1830 3230 1913 3290 ad
1960 3230 2355 3291 miraculum
2406 3249 2613 3310 usqve
2640 3241 2707 3293 et
2749 3251 2889 3308 my-

497 3337 711 3397 riades
739 3334 988 3412 aliqvot
1019 3331 1254 3392 incolis
1283 3329 1713 3408 diripiuntur,
1750 3347 2027 3408 qvarum
2072 3329 2419 3408 neqvidem
2449 3331 2729 3393 exuvias
2772 3341 2891 3393 aut

495 3454 643 3498 ossa
671 3433 1001 3513 repperire
1030 3430 1240 3504 licuit,
1280 3430 1406 3490 nisi
1440 3429 1577 3490 fere
1605 3430 1674 3490 in
1706 3429 1916 3491 antris
1959 3430 2105 3492 istis
2134 3431 2641 3492 abstrusissimis
2681 3441 2890 3493 cater-

498 3535 702 3597 vatim
761 3532 943 3612 qvasi
1004 3530 1308 3592 manibus
1365 3529 1711 3590 hominum
1758 3537 2161 3592 coacervata.
2270 3530 2676 3592 Hominibus
2720 3551 2887 3593 sem·

494 3654 612 3713 per
639 3641 796 3694 sunt
826 3631 1053 3692 infesti
1084 3631 1222 3692 sive
1251 3629 1526 3708 spiritns
1555 3629 1695 3690 sive
1726 3629 2033 3707 gigantes
2062 3630 2192 3704 isti,
2229 3631 2535 3692 tenebras
2567 3639 2639 3692 ut
2682 3631 2888 3709 pluri-

496 3751 678 3795 mum
707 3731 1017 3793 colentes.
1109 3732 1282 3792 Sunt
1313 3730 1394 3790 de
1425 3728 1662 3805 ijsdem
1692 3729 2275 3791 sermocinationes
2304 3730 2527 3802 variae,
2564 3750 2725 3809 qvas
2776 3731 2891 3793 hic

493 3833 738 3894 inferre
768 3830 1122 3892 ridiculum
1153 3829 1364 3905 magis
1393 3836 1564 3889 esset
1595 3848 1791 3907 qvam
1832 3829 2209 3903 verisimile,
2246 3849 2323 3891 ac
2381 3830 2531 3891 ideo
2560 3830 2693 3891 illis
2751 3850 2886 3892 non

492 3932 746 3994 invitus
795 3929 1112 3991 abstineO.
1204 3928 1317 3991 Sic
1367 3927 1638 3988 fuerunt
1691 3928 1981 3991 trbllenn.
2074 3930 2457 4008 Seqvuntur
2497 3929 2733 4008 dlfvar,
2772 3931 2885 4008 qvi

491 4034 622 4094 iam
679 4032 795 4092 diu
825 4048 943 4110 pro
1002 4028 1176 4090 veris
1204 4027 1584 4090 hominibus
1641 4029 1843 4106 vulgo
1886 4029 2236 4104 habentur,
2274 4038 2339 4090 et
2396 4029 2591 4091 iuxta
2635 4049 2755 4090 nos
2812 4031 2885 4092 in

491 4133 769 4196 collibus
798 4140 864 4193 et
895 4129 1277 4192 monticulis
1305 4128 1667 4191 incolatum
1698 4145 1892 4189 suum
1923 4129 2164 4190 habere
2192 4137 2534 4206 putantur,
2570 4139 2637 4191 et
2688 4131 2884 4192 iuxta

492 4233 675 4312 vulgi
704 4230 1103 4294 sententiam
1125 4229 1450 4291 similibus
1473 4228 1677 4290 ferme
1716 4227 2059 4305 exercitijs
2088 4229 2310 4290 vivere
2333 4248 2409 4290 ac
2431 4230 2712 4290 duorum
2742 4249 2885 4293 esse
2940 4247 2945 4252 ·

490 4350 828 4414 generum,
864 4331 1030 4392 alios
1059 4329 1411 4408 huldufblk,
1449 4328 1633 4407 qvasi
1658 4336 1869 4391 tectos
1897 4328 2215 4403 homines,
2248 4327 2412 4389 alios
2438 4329 2781 4409 lirifi'ynga,
2811 4331 2881 4392 id

485 4442 606 4508 est,
632 4433 978 4493 hominum
999 4439 1326 4491 amatores
1343 4436 1459 4489 aut
1483 4428 1677 4489 sexui
1698 4428 2043 4490 hominum
2067 4429 2408 4507 benignOS,
2440 4428 2827 4492 fabulantur
2854 4455 2869 4503 ;

486 4544 798 4610 utrosqve
856 4529 1154 4607 generari
1215 4549 1290 4590 ac
1346 4537 1482 4589 tam
1540 4528 1835 4589 maribus
1890 4547 2086 4607 qvam
2144 4528 2431 4590 faeminis
2475 4530 2873 4592 nostratium

485 4651 723 4697 sexum
753 4631 1016 4691 illorum
1047 4637 1399 4707 utrumqve
1431 4627 1786 4690 immisceri
1819 4628 2143 4690 creditum
2185 4637 2307 4702 est,
2344 4648 2432 4689 ex
2464 4647 2592 4708 qvo
2636 4648 2874 4691 concu-
