3242 5684
1148 591 1270 643 DE
1305 590 1770 644 MJRABJLJB
1778 589 1876 643 css
2618 597 2694 654 41

305 763 640 842 praecipue
697 763 1153 836 observantur,
1191 762 1258 823 in
1318 762 1558 841 qvibus
1601 763 1728 823 hoc
1786 770 1885 822 est
1945 761 2351 835 admirabile,
2390 762 2565 841 qvod
2624 761 2693 821 in

312 863 517 940 varijs
547 863 778 925 formis
807 871 1165 942 appareant
1201 885 1214 936 ;
1262 880 1440 924 nunc
1471 861 1649 924 enim
1702 881 1963 939 eqvum,
2001 881 2179 923 nunc
2231 862 2483 935 bovem,
2524 880 2702 922 nunc

313 964 558 1042 piscem
602 972 718 1025 aut
767 964 1127 1025 salmonem
1167 963 1627 1042 praegrandem
1679 971 2199 1039 repraesentant3
2247 962 2409 1022 alias
2457 962 2700 1038 pelvim

314 1072 432 1124 aut
489 1063 784 1125 lucidum
815 1063 1077 1142 aliqvod
1136 1063 1476 1124 metallum
1519 1062 1645 1122 sub
1702 1062 1889 1141 aqvis
1929 1061 2152 1123 videre
2208 1062 2331 1122 sibi
2390 1062 2703 1122 videntur

314 1164 552 1224 harum
584 1182 802 1224 rerum
852 1165 1298 1241 speculatores
1327 1185 1341 1236 ;
1388 1181 1536 1241 qvae
1585 1163 2051 1239 phantasmata
2079 1180 2221 1222 esse
2258 1161 2699 1238 malignorum

313 1263 672 1340 spirituum
729 1263 921 1324 facile
972 1264 1284 1335 adducor,
1321 1271 1394 1323 ut
1447 1261 1729 1334 credam,
1766 1260 1894 1322 nisi
1925 1263 2051 1321 hoc
2081 1261 2351 1339 unicum
2380 1262 2693 1334 obstaret,

314 1363 490 1443 qvod
549 1363 796 1441 saepius
837 1363 1086 1436 audivi,
1122 1363 1280 1424 olim
1337 1361 1672 1435 accidisse,
1711 1360 2025 1422 nimirum
2080 1378 2320 1440 eqvum
2376 1360 2700 1437 ejusmodi

313 1462 652 1524 fiuvialem
697 1463 926 1524 usibus
968 1461 1347 1525 domesticis
1389 1460 1747 1538 bajulendo
1792 1469 1908 1522 aut
1939 1461 2352 1540 ineqvitanto
2394 1461 2690 1535 servisse,

313 1563 490 1642 qvod
549 1571 770 1624 tamen
826 1569 1086 1642 poterat
1143 1562 1528 1623 immundus
1582 1561 1857 1640 spiritus
1914 1560 2044 1622 levi
2106 1562 2373 1638 negotio
2417 1561 2693 1633 efficere,

313 1681 526 1742 neqve
556 1663 879 1741 prolixior
907 1681 1018 1724 ero
1048 1663 1116 1723 in
1147 1662 1294 1723 istis
1323 1662 1486 1723 adeo
1515 1661 1796 1723 occultis
1823 1661 2361 1722 determinandis,

399 1788 781 1860 Capitulum
824 1787 975 1847 V11.
1064 1779 1390 1860 Qvoniam
1429 1777 1679 1840 mentio
1722 1777 1957 1840 incidit
1986 1778 2067 1839 de
2111 1779 2419 1840 monstris
2444 1787 2512 1840 et
2554 1797 2698 1858 por-

313 1880 520 1942 tentis
543 1898 883 1959 aqvarum,
920 1879 1242 1957 reliqvum
1273 1887 1394 1952 est,
1431 1887 1506 1940 ut
1537 1878 1838 1957 qvaedam
1868 1877 2164 1954 ejusdem
2196 1879 2455 1956 generis
2498 1879 2699 1940 etiam

313 1980 382 2040 in
437 1979 601 2040 mari
647 1980 1142 2058 perlustremuS,
1179 1998 1326 2058 qvae
1377 1977 1701 2055 siqvidem
1746 1978 1968 2039 omnia
2018 1978 2434 2040 dinumerare
2485 1979 2697 2040 neuti-

311 2099 510 2158 qvam
539 2078 849 2158 possibile
867 2080 1058 2152 duco,
1096 2087 1282 2140 tanta
1313 2078 1490 2140 enim
1518 2095 1746 2140 eorum
1775 2086 1874 2139 est
1904 2078 2189 2140 varietas
2215 2088 2281 2140 et
2311 2079 2694 2141 multitudo,

314 2180 486 2240 Mihi
516 2179 798 2240 sufficiat
829 2179 1118 2240 maxime
1147 2178 1512 2255 singularia
1541 2178 1845 2257 qvaedam
1872 2177 2094 2238 saltim
2123 2177 2472 2240 delineare.
2525 2181 2696 2239 Prae·

314 2289 416 2341 ter
445 2279 744 2358 ingentia
773 2279 886 2340 illa
917 2296 1189 2357 corpora
1232 2277 1591 2340 bestiarum
1621 2297 1698 2338 ac
1753 2278 2155 2349 balenarum,
2192 2297 2341 2356 qvae
2370 2279 2452 2338 ad
2510 2280 2696 2339 mira·

313 2380 540 2441 culum
572 2398 776 2458 usqve
804 2378 1234 2440 multitudine
1262 2397 1382 2439 sua
1412 2386 1711 2439 nostrum
1741 2395 2058 2438 oceanum
2088 2377 2387 2457 implent,
2423 2396 2701 2457 qvarum

313 2480 562 2558 aliqvot
593 2479 843 2557 species
870 2486 1099 2558 postea
1117 2497 1238 2540 suo
1257 2477 1402 2540 loco
1423 2485 1723 2554 satagam
1751 2500 1765 2551 ;
1812 2486 2178 2556 praeterqve
2200 2478 2699 2557 piscium·atqve

313 2579 783 2658 pisciculorum
815 2597 1056 2656 genera
1085 2597 1354 2657 prorsus
1382 2577 1889 2639 innumerabilia
1932 2579 2244 2640 visuntur
2271 2599 2529 2658 qvoqve
2572 2580 2699 2639 alia

315 2681 534 2753 maris,
575 2688 648 2740 ut
678 2679 844 2752 dixi,
880 2687 1188 2758 portenta
1215 2696 1333 2740 seu
1363 2687 1673 2751 monstra,
1710 2697 1842 2738 non
1872 2679 2085 2739 solum
2115 2697 2342 2740 earum
2373 2689 2697 2741 creatura-

314 2798 484 2853 rum,
522 2798 671 2857 qvae
701 2779 948 2856 figuras
970 2778 1380 2840 terrestrium
1405 2778 1823 2852 aemulantur,
1853 2779 2078 2856 qvales
2098 2787 2255 2840 sunt
2274 2797 2443 2853 sueS,
2472 2780 2694 2851 boveS,

313 2897 528 2952 caneS,
594 2879 811 2952 vituli,
875 2878 1112 2939 marini
1169 2877 1470 2939 homines
1527 2896 1803 2955 qvoqve,
1867 2878 1922 2938 si
1982 2879 2175 2939 modo
2233 2897 2343 2939 eos
2400 2879 2701 2940 homines

315 2980 644 3058 appellare
696 2979 910 3048 liceat,
945 2980 1058 3040 sed
1107 2977 1307 3039 etiam
1365 2977 1516 3038 aliae
1573 2978 2014 3038 multiformes
2044 2978 2297 3055 figurae,
2336 2987 2411 3039 ut
2451 2997 2701 3055 angves

316 3087 432 3140 aut
463 3087 800 3157 serpentes
829 3079 1234 3139 admirandae
1261 3078 1655 3156 qvantitatis
1684 3097 1759 3138 ac
1788 3077 2215 3139 diversissimi
2246 3078 2501 3151 coloriS,
2539 3097 2701 3156 qvos

313 3179 658 3240 occasione
715 3177 1150 3257 praecedentis
1196 3177 1432 3255 capitis
1488 3177 1776 3256 primum
1832 3178 1942 3238 hic
1999 3177 2267 3238 nomino
2309 3186 2375 3238 et
2433 3177 2699 3255 qvidem

316 3278 756 3357 appellatione
815 3277 1261 3357 propriissima
1334 3276 1757 3338 strandvorm.
1881 3278 2142 3338 Horum
2199 3277 2465 3355 qvidam
2536 3278 2699 3338 adeo

314 3386 638 3456 putantur
661 3376 967 3438 immanis
995 3376 1477 3453 magnitudinis
1505 3377 1574 3437 in
1604 3377 1920 3438 vastitate
1934 3377 2182 3451 oceani,
2213 3386 2288 3438 ut
2307 3378 2411 3439 vel
2431 3385 2699 3439 centum

313 3479 506 3539 ulnas
535 3477 884 3550 excedant,
921 3475 1026 3553 cuj
1038 3495 1115 3538 us
1144 3476 1237 3537 rei
1269 3477 1695 3538 testmonium
1725 3485 1822 3537 est
1854 3477 1910 3537 is
1940 3485 2179 3554 praeter
2220 3486 2459 3538 caetera
2501 3478 2697 3539 docu-

315 3587 560 3651 menta,
598 3577 709 3656 qvi
755 3595 955 3655 prope
1007 3577 1582 3651 Westmanneyiar
1611 3576 1972 3662 videndum
2030 3595 2099 3637 se
2127 3578 2414 3656 praebuit
2472 3579 2701 3640 multis

313 3687 470 3738 ante
501 3696 708 3738 annos
736 3678 887 3754 plus
916 3676 1135 3737 minus
1162 3695 1265 3753 40,
1304 3676 1403 3737 uti
1435 3676 1732 3737 referunt
1762 3676 2028 3754 qvidam
2058 3677 2422 3740 etiamnum
2478 3697 2698 3758 super-

312 3779 525 3850 stiteS,
563 3777 801 3855 qvibus
843 3777 970 3836 hoc
1013 3784 1378 3837 monstrum
1420 3776 1775 3837 oculariter
1818 3777 2144 3855 apparuit,
2182 3797 2460 3840 exerens
2504 3787 2701 3856 caput

313 3887 382 3938 et
415 3895 653 3956 corpus
681 3895 875 3938 suum
906 3894 1104 3954 supra
1135 3895 1336 3954 aqvas
1364 3877 1433 3937 in
1465 3875 1615 3938 aere
1639 3876 1849 3937 instar
1878 3877 2032 3937 mali
2066 3878 2253 3938 navis
2282 3879 2602 3940 onerariae
2631 3878 2699 3939 in

313 3987 572 4038 tantam
631 3976 1072 4048 altitudinem,
1111 3984 1184 4037 ut
1243 3993 1550 4054 superare
1609 3976 1946 4038 videretur
1974 3979 2319 4055 scopulum
2376 3979 2700 4055 qvendam

308 4078 770 4150 domesticum,
795 4076 1230 4149 Heimaklett,
1257 4075 1367 4153 qvi
1391 4076 1635 4136 ibidem
1655 4077 1780 4137 loci
1806 4076 2083 4154 porrigit
2103 4093 2172 4136 se
2191 4077 2258 4136 in
2279 4077 2700 4137 altitudinem

313 4178 614 4258 profecto
645 4181 726 4237 60
755 4176 1127 4237 cubitorum
1161 4183 1225 4236 et
1285 4176 1478 4236 ultra.
1573 4177 1906 4238 Undecem
1948 4175 2274 4237 naviculae
2332 4176 2702 4254 piscatoriae

315 4297 448 4340 non
480 4277 712 4355 procul
743 4277 1037 4348 aberant,
1075 4275 1314 4354 qvibus
1344 4278 1489 4336 haec
1513 4276 1682 4337 visio
1713 4275 1909 4336 nimis
1939 4276 2154 4336 fuerat
2201 4276 2534 4350 terribilis,
2572 4277 2699 4337 nisi

313 4379 570 4439 balenae
600 4376 927 4455 qvoddam
967 4393 1196 4452 genua,
1233 4376 1638 4454 steipereider
1661 4383 1921 4448 vocant,
1960 4375 2066 4435 cui
2098 4395 2137 4434 a
2183 4377 2322 4436 Deo
2351 4385 2417 4437 et
2464 4385 2702 4437 natura

314 4476 707 4539 mirabiliter
763 4474 1050 4535 inditum
1108 4493 1248 4536 esse
1306 4476 1503 4536 certis
1559 4473 1825 4550 indicijs
1883 4483 1948 4535 et
2005 4475 2309 4552 plurimis
2380 4477 2703 4556 exemplis

309 4579 589 4640 edocent
649 4575 742 4636 rei
775 4575 1065 4635 nauticae
1121 4593 1386 4653 operam
1431 4575 1683 4648 danteS,
1726 4583 1797 4635 ut
1859 4574 2199 4636 naviculas
2262 4594 2298 4635 a
2358 4576 2516 4637 feris
2572 4576 2704 4638 illis
