3242 5684
523 553 604 628 38
1486 560 1953 618 lsLANolca

519 745 584 800 et
613 737 838 812 sylvas
867 735 1137 799 minime
1163 735 1520 816 pertingat,
1556 735 1859 815 qvamvis
1886 737 2009 798 lux
2048 745 2163 798 aut
2192 736 2503 798 incensus
2548 735 2665 798 aer
2690 755 2781 798 ex
2834 755 2913 798 eo

523 853 646 898 nos
671 835 1178 914 circumfulgeat
1211 835 1637 916 fulguretqve
1666 844 1783 898 aut
1812 843 2055 898 terram
2084 835 2325 900 leniter
2368 835 2639 898 lambat.
2728 835 2910 912 Judi-

521 935 700 1000 cium
731 953 890 1000 vero
915 935 1214 998 strictius
1242 945 1308 999 et
1337 935 1715 998 accuratius
1726 935 1810 998 de
1838 935 1927 1014 ijs
1952 936 2261 999 omnibus
2288 935 2463 1016 apud
2488 945 2749 998 naturae
2770 953 2910 1014 spe·

523 1037 850 1100 culatores
877 1045 944 1098 et
973 1035 1402 1116 physicorum
1431 1035 1857 1114 indagatores
1882 1043 2025 1098 esto
2054 1059 2069 1110 3
2116 1054 2329 1116 neque
2356 1053 2484 1114 ego
2510 1035 2657 1098 istis
2694 1053 2910 1097 recen·

507 1135 746 1216 pendis
813 1135 1071 1200 diutius
1140 1135 1474 1198 immorari
1544 1134 1987 1198 decreveram.
2080 1137 2231 1198 Hoc
2302 1136 2575 1198 unicum
2648 1143 2914 1214 propter

527 1246 766 1300 caetera
799 1237 910 1298 hic
937 1245 1040 1298 est
1069 1235 1263 1298 valde
1293 1235 1775 1308 admirandum,
1812 1236 1983 1316 qvod
2016 1235 2205 1312 ignes
2234 1235 2343 1298 isti
2372 1235 2707 1315 subalpini
2734 1235 2803 1297 vi
2846 1243 2913 1296 et

527 1337 698 1401 mole
755 1353 1072 1416 aqvarum
1131 1353 1470 1414 nunqvam
1525 1335 2043 1412 submergantur
2089 1345 2207 1398 aut
2256 1337 2765 1414 extingvantur,
2798 1335 2911 1396 sed

527 1445 842 1516 tanqvam
898 1453 1016 1515 per
1042 1434 1368 1497 fenestras
1423 1453 1510 1496 ex
1541 1433 1677 1496 illis
1732 1435 1837 1497 vel
1868 1435 2157 1497 maxime
2213 1435 2575 1498 scintillent
2618 1443 2687 1497 et
2742 1435 2912 1496 sicut

527 1536 704 1616 ignis
753 1544 978 1598 noster
1008 1533 1252 1612 frigida
1299 1543 1747 1614 temperanter
1774 1535 1985 1596 affusa
2036 1535 2239 1598 alitur
2266 1544 2333 1597 et
2383 1535 2786 1610 accenditur,
2820 1534 2911 1596 ita

527 1637 843 1700 videntur
892 1635 1002 1696 isti
1055 1633 1338 1711 majores
1383 1643 1572 1697 tanto
1603 1634 1971 1696 ferventius
2016 1644 2201 1697 trans
2228 1653 2433 1714 aqvas
2476 1634 2717 1697 furere.
2810 1636 2913 1695 Ne

529 1735 760 1800 lectori
789 1735 916 1797 sim
943 1734 1210 1812 gravior
1251 1743 1368 1796 aut
1399 1735 1482 1796 ad
1539 1753 1856 1797 nauseam
1882 1735 2100 1797 dicere
2156 1735 2499 1798 intendere
2524 1733 2774 1810 videar,
2810 1736 2915 1797 his

529 1836 700 1900 nihil
727 1852 926 1914 super
953 1835 1284 1910 adderam,
1321 1833 1448 1896 nisi
1477 1834 1811 1896 contraria
1842 1835 1945 1896 vis
1990 1843 2249 1896 naturae
2277 1835 2441 1896 mihi
2488 1837 2615 1898 hoc
2644 1836 2791 1897 loco
2844 1835 2911 1896 in

531 1946 820 2001 mentem
875 1943 1234 2008 revocaret,
1271 1934 1594 2010 cymerias
1652 1935 1919 1996 umbras
1988 1943 2105 1997 aut
2162 1935 2547 2014 aegiptiacas
2616 1936 2919 1998 tenebras

531 2037 894 2120 palpabiles
921 2035 992 2097 in
1021 2035 1195 2096 hanc
1221 2034 1505 2113 patriam
1535 2045 1829 2096 nostram
1859 2035 2215 2114 aliqvando
2255 2045 2321 2097 et
2354 2035 2524 2097 forte
2569 2035 2922 2116 aliqvoties
3014 2109 3021 2114 ³

529 2137 848 2201 invasisse
875 2145 942 2198 et
971 2135 1396 2198 obumbrasse
1424 2153 1513 2197 ex
1542 2134 1895 2197 annalibus
1922 2143 2223 2197 veterum
2260 2135 2624 2197 didicerim.
2676 2136 2913 2216 Qvam·

529 2239 646 2302 diu
705 2247 926 2300 autem
985 2235 1220 2314 qvovis
1277 2243 1570 2314 tempore
1625 2234 2013 2296 duraverint
2061 2243 2129 2297 et
2184 2234 2417 2298 datum
2444 2236 2617 2315 qvod
2676 2243 2915 2297 vocant

533 2357 855 2402 annorum
887 2355 1018 2398 non
1049 2335 1456 2414 adscriptum
1485 2333 1747 2414 reperii.
1844 2335 1997 2396 Non
2026 2354 2184 2397 vero
2214 2336 2322 2397 hae
2350 2344 2507 2398 sunt
2560 2335 2695 2398 illae
2739 2345 2915 2397 tene-

531 2442 688 2513 brae,
725 2457 876 2518 qvae
931 2455 1020 2497 ex
1051 2435 1340 2498 nubibus
1395 2435 1689 2497 arenosis
1729 2435 1929 2496 certis
1978 2435 2371 2514 qvibusdam
2412 2437 2593 2511 locis,
2632 2437 2913 2516 alpibuS,

532 2541 692 2601 dum
743 2537 966 2615 ignem
1018 2543 1317 2609 vomunt,
1353 2535 1612 2610 viciniS,
1640 2553 1835 2597 usum
1872 2535 2033 2597 solis
2048 2545 2165 2598 aut
2216 2536 2385 2598 lucis
2412 2537 2671 2616 peniter
2719 2537 2917 2598 inter·

533 2639 812 2719 cipiunt,
861 2635 976 2697 sed
1033 2635 1186 2696 aliae
1241 2635 1544 2713 qvaedam
1603 2636 1858 2697 umbrae
1914 2635 2347 2698 miraculosae.
2471 2637 2605 2698 Hic
2662 2655 2923 2717 qvoqve

533 2754 874 2802 necessum
903 2735 1168 2798 videtur
1197 2733 1572 2796 meminisse
1601 2735 2077 2796 nubecularum
2105 2736 2442 2814 picearum
2467 2755 2585 2799 seu
2603 2737 2921 2799 vellerum

535 2859 624 2902 ex
655 2837 808 2900 a‘e're
851 2835 922 2897 in
953 2844 1196 2897 terram
1247 2834 1719 2908 decidentium,
1756 2855 1907 2914 qvae
1937 2845 2127 2914 prata
2176 2845 2243 2898 et
2273 2854 2516 2914 pascua
2566 2837 2925 2900 laethaliter

533 2939 864 3011 inficiunt,
901 2955 1054 3017 quae
1110 2935 1422 2997 videntur
1449 2934 1635 3014 qvasi
1694 2935 1869 2996 feces
1898 2935 2045 3011 ejus
2102 2935 2362 3012 generis
2420 2945 2801 3012 meteorum,
2839 2956 2923 2998 ne

534 3041 752 3103 dicam
781 3036 1198 3100 metallorum
1227 3033 1747 3114 subalpinorum,
1784 3036 1865 3096 de
1895 3035 2233 3097 montibus
2259 3053 2635 3115 evaporare,
2671 3037 2741 3097 in
2770 3037 2923 3099 aere

535 3161 606 3205 se
663 3139 994 3216 colligere,
1028 3143 1386 3215 posteaqve
1445 3135 1777 3212 gravitate
1805 3153 1925 3197 sua
1983 3143 2192 3197 terras
2220 3137 2550 3198 maculare
2578 3145 2645 3198 et
2702 3137 2923 3216 pastui

536 3261 669 3304 non
699 3241 913 3302 solum
943 3235 1290 3310 inhabiles„
1328 3236 1442 3297 sed
1473 3235 1675 3297 etiam
1704 3243 2083 3297 venenatas.

619 3364 1002 3437 Capitulum
1031 3360 1114 3419 V.
1203 3353 1377 3415 Sunt
1396 3359 1462 3412 et
1493 3351 1621 3412 alia
1640 3351 2039 3429 supradictis
2067 3351 2375 3413 meteoris
2396 3371 2527 3414 non
2546 3353 2927 3414 omnimodo

537 3457 884 3528 absimilia,
921 3453 1138 3532 qvalia
1168 3461 1323 3513 sunt
1353 3451 1550 3528 igniti
1579 3451 1869 3513 vomitus
1892 3451 2091 3512 maris
2120 3460 2234 3512 aut
2258 3451 2443 3530 qvasi
2472 3453 2589 3513 diu
2612 3452 2927 3532 temporis

536 3555 887 3620 candentia
942 3551 1202 3628 ignium
1259 3551 1609 3611 luminaria
1667 3570 1867 3629 supra
1923 3551 2305 3612 vastitatem
2364 3551 2561 3612 maris
2612 3553 2927 3627 hybernis

540 3655 830 3718 maxime
860 3650 1186 3723 noctibuS,
1224 3651 1448 3729 qvales
1497 3650 1762 3712 fomites
1791 3651 2088 3712 lucentes
2134 3653 2259 3712 hoc
2288 3652 2517 3712 eodem
2566 3670 2759 3727 anno,
2796 3672 2933 3732 qvo

539 3758 668 3818 ista
697 3752 950 3830 scripsi,
990 3748 1300 3809 nimirum
1340 3753 1516 3826 1638,
1554 3749 1720 3826 varij
1755 3759 1819 3811 et
1852 3750 2073 3828 magni
2105 3749 2408 3828 pluribus
2453 3751 2635 3824 locis,
2672 3753 2753 3812 ad
2779 3771 2923 3814 aus·

539 3867 717 3918 trum
749 3851 1082 3932 praecipue
1113 3857 1480 3926 vergenteS,
1505 3867 1681 3926 saepe
1712 3849 2215 3927 conspiciuntur
2240 3873 2255 3924 ;
2302 3869 2377 3911 ac
2406 3851 2674 3912 subesse
2704 3851 2927 3927 ignem

540 3952 868 4035 ejusmodi
899 3950 1100 4012 etiam
1132 3957 1346 4020 terrae,
1383 3967 1532 4027 qvae
1561 3967 1740 4010 mare
1770 3958 2119 4023 sustentat,
2150 3958 2354 4012 testes
2382 3959 2535 4012 sunt
2563 3949 2921 4026 Elldeyiar,

539 4057 605 4118 id
637 4063 737 4116 est
767 4051 944 4131 ignis
972 4050 1210 4110 insulae
1236 4049 1341 4110 vel
1372 4049 1610 4122 insula,
1648 4069 1797 4128 qvae
1826 4069 1863 4109 a
1892 4049 2275 4110 continente
2293 4049 2499 4111 distat
2538 4069 2607 4111 12
2634 4050 2925 4112 milliari·

539 4155 751 4219 busin
785 4150 1037 4232 gremio
1057 4149 1285 4210 oceani
1316 4148 1540 4227 magni
1555 4149 1705 4222 sita,
1733 4168 1880 4227 qvae
1910 4169 2039 4228 qvo
2058 4157 2351 4229 tempore
2374 4149 2617 4211 ibidem
2642 4150 2929 4228 primum

541 4254 855 4333 eruperit,
893 4269 1231 4328 nunqvam
1283 4257 1476 4310 antea
1527 4248 1689 4322 visa,
1727 4249 1996 4309 annales
2040 4248 2248 4310 nostri
2291 4250 2447 4310 data
2499 4258 2676 4311 certa
2721 4250 2925 4312 indic·

541 4358 721 4420 tione
751 4368 1076 4414 annorum
1105 4347 1430 4426 judicant.
1529 4348 1877 4424 (Addatur
1904 4347 2201 4424 datum.)
2292 4345 2468 4410 Tum
2518 4349 2720 4410 etiam
2762 4349 2937 4410 alius

541 4455 808 4537 qvidam
837 4451 1012 4529 ignis
1038 4449 1109 4510 in
1139 4450 1275 4510 alto
1305 4449 1470 4510 mari
1501 4447 1905 4523 accenditur,
1941 4449 2204 4527 qvando
2227 4448 2414 4527 copia
2443 4448 2779 4526 lignorum
2796 4450 2929 4511 huc

535 4551 1011 4636 appellentium
1060 4549 1127 4611 vi
1179 4548 1506 4609 fluctuum
1555 4548 1651 4609 ita
1702 4549 2302 4625 conglomerantur,
2340 4558 2414 4611 ut
2444 4567 2587 4610 sese
2640 4548 2929 4611 invicem
