3242 5684
956 617 1443 672 ANNALIUM
1468 617 1762 671 FARRA
1771 617 1878 673 GO
2535 627 2609 684 19

212 786 541 865 Januarij,
578 787 648 850 in
679 788 849 850 facie
878 788 1175 852 ecclesiae
1201 798 1268 851 et
1296 788 1630 851 communi
1662 785 1862 852 coetu¹
1897 798 2046 870 post
2098 791 2407 854 devotam
2457 809 2610 854 con·

218 885 576 950 sessionem
604 896 669 951 et
711 886 1249 969 [consolatoriam
1296 889 1781 952 absolutionem
1832 890 2126 970 corporis
2153 900 2222 953 et
2267 891 2614 970 sangvinis

217 986 470 1048 Christi
502 989 667 1050 adeo
694 989 804 1068 pie
835 1008 913 1051 ac
942 998 1320 1052 reverenter
1362 989 1696 1070 particeps
1724 990 1944 1052 factus
1989 998 2110 1064 est,
2149 991 2262 1053 ubi
2301 991 2501 1054 simul
2529 993 2614 1055 de

157 1076 165 1084 ’
215 1097 534 1164 suggesto
578 1107 699 1166 pro
726 1090 1033 1152 omnibus
1084 1090 1360 1152 tentatis
1388 1089 1784 1168 generaliter
1829 1099 1897 1152 et
1947 1090 2120 1153 serio
2163 1091 2612 1171 supplicatum

215 1183 403 1249 fuit.¹
487 1189 623 1251 Hic
652 1189 947 1267 tragicus
986 1208 1180 1252 casus
1206 1189 1508 1269 profecto
1554 1200 1656 1252 est
1709 1190 2333 1269 impervestigabilis
2383 1191 2611 1254 Divini

217 1289 521 1362 mysterii
578 1290 958 1369 exemplum
1016 1291 1375 1368 singulare,
1439 1291 1633 1370 qvale
1689 1291 1756 1351 in
1829 1291 2011 1353 hisce
2067 1291 2432 1370 provinciis
2508 1289 2610 1372 [in

216 1388 536 1449 memoria
564 1390 906 1452 hominum
935 1409 1275 1469 nunqvam
1301 1386 1597 1468 obtigit.⁸

306 1495 503 1557 Anno
536 1498 692 1557 1611
738 1487 1053 1571 *[Refert
1082 1490 1186 1553 vir
1236 1490 1364 1553 fide
1420 1490 1687 1569 dignuS,
1724 1491 1933 1554 Skule
1974 1490 2300 1566 Jonsson⁴,
2339 1499 2494 1554 ante
2527 1509 2608 1569 42

219 1585 453 1650 annos⁶
506 1590 577 1650 in
634 1591 787 1652 sinu
845 1590 1276 1653 occidentalis
1332 1590 1650 1652 Islandiae
1705 1589 2156 1666 Talknafirde,
2222 1591 2292 1653 in
2347 1591 2602 1671 praedio

220 1689 607 1767 Sudurejre,
635 1699 931 1770 tempore
948 1690 1181 1768 Egerti
1204 1687 1748 1769 nomophylacis⁸,
1785 1690 2133 1769 mulierem
2165 1701 2616 1754 monstrosum

220 1788 496 1850 enixam
549 1799 815 1869 partum
844 1791 1164 1854 continuo
1212 1809 1283 1852 se
1327 1792 1537 1870 ipsam
1594 1792 1812 1853 cultro
1872 1791 2312 1856 transfixisse.
2407 1792 2614 1855 Paulo

222 1897 372 1968 post
404 1890 717 1952 maritum
747 1910 1005 1970 qvoqve
1034 1890 1182 1969 ejus
1210 1891 1281 1952 in
1311 1891 1474 1952 mari
1504 1909 1575 1952 se
1603 1890 1980 1954 suffocasse.

308 1998 505 2058 Anno
540 1987 719 2058 11511τ
762 1990 885 2052 *16
944 1991 1251 2056 Octobris
1301 1991 1569 2054 Gislaus
1621 1991 2032 2067 Gudmundi,
2089 1992 2305 2054 incola
2357 1993 2608 2054 habita·

220 2089 357 2151 culi
374 2090 765 2153 Skalholtiae
783 2091 1073 2170 proximi
1094 2091 1343 2166 Hofda,
1372 2091 1543 2153 vidit
1572 2088 1721 2172 [(ut
1742 2091 1882 2170 ipse
1900 2091 2100 2154 refert
2112 2089 2167 2169 >⁶
2187 2111 2338 2154 cum
2359 2093 2609 2154 domes·

224 2190 377 2252 ticis
405 2190 545 2252 suis
574 2201 937 2254 monstrum
968 2191 1371 2253 horrendum
1401 2201 1466 2253 et
1496 2189 1990 2253 admirabile⁸in
2022 2191 2290 2270 gurgite
2317 2211 2434 2253 seu
2463 2210 2608 2270 pro-

224 2290 560 2352 funditate
590 2291 803 2352 amnis
831 2289 1066 2366 HvstA,
1102 2309 1221 2353 seu
1252 2290 1476 2353 Albim
1505 2291 1780 2365 dixeris,
1817 2291 1927 2370 qvi
1959 2292 2179 2354 sedem
2209 2291 2609 2355 Skalholtia·

222 2410 369 2453 cam
389 2391 693 2469 proxime
736 2391 949 2453 alluit.
1044 2393 1419 2453 Monstrum
1463 2393 1591 2454 hoc
1618 2391 1759 2453 sive
1802 2400 2106 2453 creatura
2136 2392 2328 2454 valde
2371 2411 2610 2469 magna

222 2511 301 2552 ac
328 2491 539 2553 veluti
560 2491 766 2554 moles
794 2491 1013 2570 aliqva
1040 2491 1391 2565 eminebat,
1418 2490 1523 2570 cuj
1534 2510 1613 2553 us
1641 2510 1855 2570 neque
1873 2501 2074 2571 caput
2103 2512 2313 2572 neqve
2333 2493 2610 2554 caudam

225 2611 435 2670 neqve
480 2591 760 2653 formam
804 2600 986 2653 certo
1024 2591 1415 2669 dignoscere
1471 2591 1684 2654 licuit.
1777 2591 2158 2671 Aliqvando
2201 2592 2431 2670 major,
2495 2593 2610 2654 ali-

225 2693 489 2772 qvando
546 2692 761 2753 minor
788 2710 941 2770 pars
996 2690 1145 2769 ejus
1173 2692 1501 2770 apparuit.
1598 2694 1769 2755 Haec
1824 2692 1993 2755 visio
2028 2711 2286 2772 semper
2341 2689 2613 2772 aliqvid⁰

225 2793 616 2872 portendere
644 2792 937 2854 creditur
963 2815 977 2866 3
1023 2789 1543 2870 nonnunqvamm
1561 2793 1971 2854 commodam
2001 2793 2173 2854 aeris
2202 2793 2605 2872 temperiem,

238 2891 441 2974 [qvod
470 2892 827 2954 verisimile
849 2911 980 2954 non
1011 2892 1280 2954 videtur
1309 2915 1323 2966 3
1370 2893 1533 2953 alias
1562 2888 1814 2954 aliud.¹¹
1899 2891 2218 2970 Ejusdem
2250 2892 2612 2957 habitaculi

225 2995 481 3067 incolae,
519 2993 887 3071 praesertim
942 2992 1252 3066 senioreS,
1288 2993 1535 3071 saepius
1590 2992 1895 3054 viderant
1947 2991 2152 3070 hujus
2195 2992 2370 3054 modi
2429 3011 2610 3054 mon·

224 3104 459 3168 strum,
496 3113 573 3155 ac
600 3093 683 3154 de
711 3112 791 3154 eo
821 3112 951 3154 non
985 3092 1177 3154 aliter
1229 3091 1547 3166 referunt,
1585 3110 1783 3171 qvam
1812 3092 1986 3170 qvod
2037 3092 2223 3154 vario
2265 3089 2358 3171 [et
2409 3092 2612 3154 inter-

225 3191 512 3257 stincto¹²
540 3192 757 3254 colore
786 3201 1119 3271 appareat,
1156 3201 1222 3253 et
1253 3192 1589 3253 interdum
1618 3210 1824 3253 cornu
1854 3191 2182 3270 qvoddam
2212 3192 2376 3253 bene
2426 3192 2611 3270 long·

228 3314 341 3357 um
388 3294 693 3367 emineat,
732 3293 906 3354 torte
952 3297 991 3354 6
1022 3292 1396 3355 cubitorum
1445 3293 1659 3371 qvoad
1691 3291 2112 3352 altitudinem
2173 3289 2269 3372 [et
2297 3309 2417 3370 pro
2465 3291 2614 3370 ejus

224 3394 649 3475 proportione
678 3393 1041 3454 crassitiem
1072 3411 1328 3470 gerenS,
1364 3392 1655 3453 maxime
1698 3392 1779 3452 ad
1831 3388 2152 3466 radices¹';
2198 3409 2431 3453 verum
2483 3393 2614 3454 tale

224 3514 431 3558 cornu
460 3513 592 3556 non
622 3511 879 3572 semper
907 3504 1005 3554 est
1035 3492 1488 3570 conspicuum,
1524 3493 1790 3571 qvando
1819 3491 1946 3552 ista
1977 3501 2279 3554 creatura
2311 3502 2606 3572 apparet,

222 3597 500 3674 ideoqve
556 3594 921 3672 ignoratur,
961 3602 1188 3654 utrum
1244 3592 1313 3652 in
1346 3601 1535 3669 tergo
1592 3600 1709 3653 aut
1741 3592 1896 3653 alibi
1958 3592 2026 3652 in
2058 3612 2330 3672 corpore
2389 3594 2614 3655 sedem

224 3697 463 3758 habeat
488 3718 504 3770 ;
563 3691 824 3774 [dicunt
881 3692 1151 3772 qvidam
1197 3701 1465 3771 propter
1520 3692 1850 3769 insignem
1903 3693 2184 3755 nitorem
2245 3695 2610 3772 splendere.

222 3795 455 3859 Simile
485 3794 643 3874 qvid
672 3803 738 3856 et
769 3793 1153 3854 admirabile
1182 3791 1531 3871 aliqvoties
1559 3803 1986 3871 conspectum
2017 3793 2235 3856 fuerat
2267 3795 2439 3856 circa
2484 3804 2612 3856 tra-

223 3896 476 3975 jectum
505 3889 790 3956 amniS.¹⁸
874 3892 1149 3955 Plurimi
1180 3891 1587 3955 arbitrantur
1614 3894 1889 3954 eandem
1921 3912 2063 3954 esse
2093 3902 2460 3955 creaturam
2498 3904 2615 3956 aut

222 4004 613 4068 monstrum,
650 3993 823 4072 qvod
869 4011 1047 4055 nunc
1076 4010 1338 4054 sursum
1386 4011 1563 4054 nunc
1591 3994 1901 4055 deorsum
1947 4012 2065 4072 per
2094 3994 2357 4056 alveum
2403 3994 2617 4055 amnis

222 4116 293 4158 se
324 4103 605 4168 moveat,
654 4092 904 4175 [sedem
934 4102 1157 4154 autem
1186 4111 1388 4171 prope
1420 4111 1532 4154 rus
1559 4093 1956 4171 praedictum
1987 4094 2226 4155 habeat
2257 4094 2324 4153 in
2355 4112 2614 4155 summo

223 4196 509 4277 qvodam
530 4194 781 4257 vortice
810 4212 928 4255 seu
958 4193 1216 4269 abysso,
1243 4192 1455 4271 qvalis
1482 4192 1729 4254 ibidem
1751 4189 2343 4271 deprehenditur.¹⁴
2425 4194 2616 4273 Qvod

222 4305 448 4358 autem
479 4293 596 4371 huj
608 4312 685 4356 us
712 4293 888 4356 modi
922 4301 1213 4354 monstra
1243 4291 1626 4354 hominibus
1656 4311 1786 4352 non
1833 4301 2135 4366 noceant,
2173 4301 2292 4356 aut
2344 4293 2616 4354 nimiam

218 4396 355 4459 illis
383 4393 804 4456 formidinem
848 4392 1201 4466 incutiant,
1238 4391 1596 4469 singularis
1641 4399 1740 4452 est
1785 4400 1850 4452 et
1902 4390 2188 4467 benigna
2242 4393 2364 4453 Dei
2409 4393 2614 4454 omni-

216 4494 514 4576 potentis
570 4493 995 4572 dispensatio,
1089 4493 1266 4554 Illud
1295 4491 1472 4553 idem
1530 4500 1896 4552 monstrum
1928 4491 2264 4552 interdum
2322 4493 2618 4555 crebrius

210 4597 553 4659 interdum
610 4593 823 4656 rarius
880 4593 1171 4670 conspici
1228 4593 1416 4654 solet.
1536 4589 1862 4668 Tempore
1924 4593 2049 4654 Dn.
2117 4590 2326 4654 Gislai
2384 4595 2594 4668 Jonae,
