3242 5684
1165 579 1287 632 DE
1320 577 1895 633 MIRABILIBUS
2640 585 2720 646 37

316 755 434 808 aut
481 749 947 827 giganteorum
994 757 1405 828 specttorum
1448 749 1724 810 dixeris,
1819 750 2500 829 Hnappafellsjokull,
2525 751 2710 830 alpes

325 858 504 922 sunt,
536 869 573 910 a
603 837 889 911 rotunda‘
914 849 1257 911 monticuli
1290 848 1639 926 cuiusdam
1661 849 1982 926 singulari
2013 849 2227 927 figura
2251 851 2332 912 ad
2363 851 2720 928 imaginem

326 949 579 1025 globuli
620 949 929 1029 lmappur
953 949 1049 1010 sic
1101 949 1438 1029 appellati,
1474 949 1676 1010 Anno
1733 953 1890 1026 1363
1937 949 2256 1012 dicuntur
2303 951 2618 1029 erupisse,
2653 959 2722 1012 et

327 1048 609 1110 fortasse
651 1049 882 1111 eodem
925 1057 1220 1128 tempore
1262 1049 1589 1126 integram
1632 1049 2060 1128 provinciam,
2087 1049 2224 1111 fere
2269 1069 2350 1128 50
2376 1049 2714 1129 praediola,

322 1165 551 1210 secum
570 1167 702 1210 una
733 1149 1084 1211 abstulisse
1106 1156 1172 1210 et
1203 1149 1272 1209 in
1302 1166 1621 1210 oceanum
1643 1167 1958 1226 magnum
1972 1149 2372 1228 deportasse.
2467 1149 2722 1212 Deinde

321 1247 901 1326 Solheimajokull,
926 1249 1038 1326 qvi
1072 1267 1204 1310 non
1236 1248 1468 1327 procul
1498 1248 1702 1310 distat
1723 1267 1760 1308 a
1794 1248 2243 1325 Westmannej
2255 1268 2386 1324 um,
2415 1249 2722 1311 similiter

324 1349 657 1426 insignem
687 1357 753 1410 et
782 1348 1271 1409 memorabilem
1300 1348 1718 1426 eruptionem
1749 1347 1905 1409 fecit
1937 1371 1952 1422 3
1998 1357 2146 1427 post
2189 1348 2390 1410 etiam
2425 1345 2718 1423 Pyckva-

325 1447 756 1525 baejarjokull
776 1447 1146 1526 aliqvoties,
1172 1455 1239 1509 et
1270 1465 1448 1508 nunc
1478 1449 1606 1508 hoc
1628 1466 1801 1509 anno
1837 1451 1994 1526 1638
2028 1466 2256 1510 rursus
2283 1448 2712 1526 Sffdujokull.

329 1547 708 1627 Aliqvando
737 1548 937 1608 etiam
969 1547 1180 1608 simile
1210 1547 1367 1626 qvid
1420 1546 1842 1624 designatum
1875 1546 2092 1609 fuerat
2145 1547 2214 1608 in
2243 1548 2406 1610 locis
2453 1548 2717 1627 qvibus·

326 1649 481 1708 dam
512 1647 696 1726 qvasi
726 1647 797 1708 in
840 1647 1055 1708 media
1085 1646 1301 1708 insula
1343 1646 1574 1726 procul
1604 1666 1644 1706 a
1673 1647 1930 1708 maritis
1971 1647 2140 1721 sitis,
2177 1647 2371 1725 cujus
2399 1648 2492 1710 rei
2538 1649 2716 1710 testi-

330 1748 551 1812 monia
598 1755 753 1809 sunt
781 1747 1136 1809 oculariter
1182 1755 1413 1826 tesqva
1442 1765 1704 1820 saxosa,
1734 1747 1992 1808 adustis
2020 1747 2354 1826 lapidibus
2397 1749 2722 1810 scatentia

330 1857 395 1909 et
441 1846 589 1924 ejus
622 1847 893 1923 'generis
936 1846 1154 1908 arenis
1182 1855 1247 1908 et
1298 1846 1676 1925 pumicibus
1705 1846 2000 1925 apprime
2051 1847 2314 1922 referta,
2352 1868 2500 1927 qvae
2557 1847 2716 1909 hrbn

334 1947 625 2024 (braun)
662 1947 907 2008 idcirco
938 1947 1265 2025 appellare
1287 1946 1595 2008 solemus
1644 1943 1836 2006 Talia
1857 1956 2014 2007 sunt
2037 1947 2470 2021 Kialahraun,
2501 1931 2716 2010 6dad-

328 2049 607 2121 ahraun‚
650 2045 1091 2121 Solvahraun,
1128 2047 1593 2125 Leppahraun,
1631 2046 2335 2119 Svidenhornahraun,
2371 2048 2494 2109 ἃς.
2543 2044 2720 2109 Tum

327 2147 528 2210 etiam
562 2147 716 2208 alibi
747 2165 1005 2226 qvoqve
1048 2146 1237 2223 ignes
1280 2146 1742 2207 subterraneos
1786 2145 2047 2207 exitum
2091 2146 2477 2225 qvaesivisse
2506 2155 2712 2226 patet,

328 2246 631 2327 qvamvis
688 2247 919 2307 datum
978 2245 1133 2306 anni
1194 2265 1231 2306 a
1290 2245 1481 2307 nobis
1536 2245 1900 2323 ignoretur,
1951 2245 2134 2306 velut
2192 2245 2260 2305 in
2319 2245 2424 2306 his
2480 2247 2716 2308 monti-

328 2349 453 2408 bus
481 2369 495 2408 :
546 2345 1169 2423 Kierlingafiollum,
1212 2345 1561 2423 Kolgrimu
1593 2353 1660 2406 et
1690 2345 2142 2424 promontorio
2173 2345 2530 2407 Reikianes
2566 2365 2718 2408 cum

326 2447 637 2508 omnibus
692 2445 818 2506 sibi
850 2445 1184 2522 adjunctis
1241 2444 1347 2506 vel
1406 2444 1630 2523 potius
1687 2443 2062 2521 conjunctis
2119 2445 2281 2506 locis
2336 2445 2594 2508 saxosis
2651 2455 2719 2508 et

329 2546 639 2608 arenosis,
731 2548 963 2620 Jacent
986 2556 1306 2624 praeterea
1336 2545 1522 2624 qvasi
1554 2544 1624 2604 in
1654 2545 1848 2605 dorso
1871 2543 2074 2621 hujus
2103 2553 2320 2619 terrae,
2348 2545 2523 2607 inter
2549 2564 2714 2625 prae-

328 2647 503 2707 fatas
532 2646 711 2724 alpes
739 2654 805 2706 et
836 2665 873 2704 a
905 2652 1092 2722 tergo
1122 2645 1405 2717 illarum,
1442 2644 1750 2706 immanis
1777 2644 2106 2722 planitieS,
2143 2645 2454 2724 quinqve,
2491 2648 2718 2708 decem

329 2755 395 2807 et
427 2746 532 2807 vel
563 2744 938 2823 qvindecim
967 2744 1349 2805 milliarium
1379 2764 1509 2823 qvo
1540 2745 1619 2804 ad
1653 2743 2139 2820 longitudinem
2169 2753 2400 2824 tesqva
2423 2747 2710 2820 inutilia,

329 2846 385 2906 si
415 2863 659 2924 pascua
689 2845 861 2905 vites
892 2844 1222 2923 utrimqve
1254 2840 1517 2904 adnata¹
1546 2866 1560 2917 ;
1608 2845 1753 2904 haec
1783 2853 1938 2904 sunt
1969 2853 2042 2906 ut
2070 2845 2428 2922 plurimum
2459 2846 2582 2908 tria
2613 2848 2720 2908 vel

331 2966 372 3023 4
418 2944 724 3005 milliaria
754 2963 883 3023 qvo
928 2945 1008 3004 ad
1042 2943 1482 3016 latitudinem,
1512 2943 1671 3004 solis
1700 2943 2031 3021 lapidibus
2075 2952 2140 3005 et
2171 2944 2387 3004 arenis
2431 2947 2713 3020 obtecta,

328 3065 479 3124 qvae
495 3043 885 3121 jamdudum
909 3043 1094 3123 qvasi
1119 3044 1360 3104 callum
1382 3043 1830 3116 obduxerunt,
1857 3043 2112 3104 duriter
2131 3062 2206 3104 ac
2229 3043 2504 3104 firmiter
2524 3064 2717 3123 coag-

330 3152 625 3206 mentata
643 3144 920 3223 ideoqve
944 3143 1137 3204 facile
1164 3143 1413 3222 pervia.
1479 3145 1630 3203 Hoc
1659 3159 1971 3219 magnum
1996 3143 2156 3202 illud
2189 3151 2286 3202 est
2307 3151 2371 3203 et
2403 3162 2717 3205 memora-

328 3245 459 3305 bile
503 3253 761 3305 naturae
788 3242 1133 3320 flagrantis
1176 3260 1343 3321 opus
1371 3243 1440 3302 in
1487 3242 1800 3315 Islandia‚
1838 3251 1911 3302 ut
1958 3241 2177 3304 verbis
2207 3243 2494 3303 Saxonis
2539 3251 2712 3317 utar,

332 3363 481 3423 qvae
511 3361 663 3404 cum
691 3343 1009 3404 extremis
1040 3343 1177 3402 fere
1207 3341 1507 3418 subjecta
1536 3342 1625 3402 sit
1670 3341 2048 3418 frigoribuS,
2086 3350 2305 3403 tamen
2338 3341 2404 3402 in
2449 3343 2715 3404 visceri-

330 3445 455 3505 bus
483 3443 621 3504 suis
651 3443 821 3504 tanti
855 3443 1091 3504 caloris
1121 3441 1434 3503 fomentis
1461 3441 1807 3513 exuberat,
1845 3449 1918 3501 ut
1950 3441 2207 3517 ignium
2235 3442 2720 3519 perennitatem

331 3543 587 3604 arcanis
616 3543 903 3603 instruat
950 3541 1394 3602 nutrimentis,
1489 3543 1819 3602 Putantur
1848 3542 2051 3617 vulgo
2094 3540 2282 3617 ignes
2311 3542 2421 3603 isti
2465 3544 2716 3605 subter-

329 3643 511 3704 ranei
544 3660 675 3704 non
709 3641 834 3702 nisi
865 3641 1118 3719 lapides
1147 3641 1603 3714 bituminOSOS,
1641 3641 1960 3719 sulphura
1991 3649 2055 3702 et
2083 3641 2257 3702 vitra
2286 3651 2480 3723 atqve
2504 3663 2718 3705 aerem

330 3745 548 3821 ipsum
595 3751 854 3803 tantum
898 3740 1307 3802 inflammare
1352 3749 1414 3801 et
1462 3742 1837 3814 accendere,
1889 3759 2020 3802 non
2065 3749 2288 3802 autem
2330 3742 2532 3821 ligna,
2572 3763 2716 3822 gra-

330 3843 531 3915 mina,
594 3849 831 3913 vesteS,
895 3841 1141 3902 bestias
1199 3849 1314 3901 aut
1360 3841 1660 3901 homines
1721 3841 1874 3913 &c.,
1938 3842 2111 3920 qvod
2158 3841 2319 3902 mihi
2383 3861 2718 3922 nunqvam

329 3943 458 4004 fuit
504 3941 879 4014 verisimile,
932 3960 1143 4018 neqve
1186 3941 1492 4019 cuiqvam
1538 3941 1807 4001 cordato
1851 3940 2162 4001 existimo
2195 3941 2334 4002 fore
2380 3943 2713 4017 credibile,

330 4043 505 4122 qvod
536 4041 710 4103 enim
756 4050 998 4101 terram
1030 4040 1261 4118 ipsam,
1300 4041 1558 4117 glebam
1601 4039 2023 4101 denissimam
2068 4049 2133 4100 et
2177 4057 2340 4100 saxa
2368 4041 2720 4104 durissima

329 4141 727 4204 consummit
780 4149 845 4202 et
876 4140 1225 4213 comburit,
1262 4140 1589 4218 qvomodo
1641 4157 1771 4200 non
1803 4137 2003 4199 etiam
2043 4147 2349 4217 stuppam
2381 4143 2711 4203 adureret.

330 4245 414 4304 In
444 4258 672 4302 eorum
701 4240 908 4318 igitur
936 4239 1313 4318 opinionem
1345 4239 1538 4300 facile
1567 4239 1912 4310 descende,
1942 4238 2053 4316 qvi
2087 4238 2209 4298 Dei
2239 4238 2558 4299 beneficio
2587 4241 2716 4301 sin-

330 4342 545 4420 gulari
577 4349 643 4402 et
689 4340 1008 4401 miraculo
1037 4338 1525 4418 supernaturali
1572 4338 1638 4398 id
1671 4336 1811 4398 fieri
1856 4344 2117 4415 putant,
2155 4338 2328 4415 qvod
2361 4338 2498 4416 ipse
2544 4340 2721 4416 ignis

326 4449 443 4503 aut
472 4439 619 4517 ejus
648 4439 1015 4501 substantia
1046 4441 1127 4499 ad
1159 4458 1278 4500 nos
1297 4447 1361 4500 et
1392 4438 1677 4516 pecudes
1709 4444 1966 4498 nostras
1997 4436 2284 4514 itemqve
2316 4438 2395 4496 ad
2420 4440 2718 4515 gramina

403 4572 421 4604 1
437 4571 613 4623 Thus.
