3242 5684
529 657 607 731 76
1487 665 1613 720 [ει
1621 665 1955 721 ANDICA

523 837 666 898 haec
695 837 914 898 omnia
945 836 1110 898 adeo
1139 836 1393 898 incerta
1421 845 1578 898 sunt
1609 845 1676 898 et
1706 837 1966 899 occulte
2010 846 2323 914 aguntur,
2362 848 2437 899 ut
2470 857 2664 899 nemo
2706 839 2917 917 possit

525 937 872 998 veritatem
902 937 994 998 rei
1025 935 1291 1015 penitus
1330 936 1667 1014 indagare.
1764 938 1994 1014 Neqve
2024 937 2233 1015 igitur
2280 955 2400 1017 pro
2430 938 2711 1000 veritate
2761 957 2915 999 ven·

524 1036 686 1110 dito,
721 1037 834 1098 sed
886 1035 1068 1116 qvasi
1120 1035 1496 1114 opinionem
1547 1036 1735 1114 vulgi
1782 1037 2009 1099 recit0.
2103 1037 2294 1116 Qvod
2346 1047 2571 1099 autem
2601 1038 2682 1099 de
2731 1038 2915 1099 victu

522 1137 793 1209 asserui,
830 1154 948 1216 per
994 1136 1216 1198 omnia
1245 1153 1475 1197 verum
1521 1155 1664 1198 esse
1692 1144 1987 1210 autumo,
2016 1138 2605 1216 qvantumqvidem
2635 1137 2797 1197 mihi
2829 1157 2919 1198 ex

525 1237 842 1299 relatione
873 1245 1176 1299 constare
1204 1236 1416 1309 licuit,
1455 1255 1530 1296 ac
1559 1245 1723 1314 puto
1752 1245 1929 1297 certe
1961 1237 2069 1297 hic
2091 1237 2345 1316 aliqvas
2371 1238 2639 1299 subesse
2660 1239 2916 1315 praesti-

525 1336 670 1414 gias
698 1335 1470 1415 daemoniacas,qvamvis
1499 1355 1602 1397 me
1634 1335 1905 1398 lateant.

606 1461 986 1533 Capitulum
1009 1460 1284 1520 XXXV.
1372 1452 1641 1515 Oblitus
1656 1471 1803 1514 sum
1824 1453 2026 1514 ferme
2045 1453 2263 1514 balnei
2282 1453 2627 1529 cuiusdam
2651 1453 2916 1516 nobilis-

519 1553 690 1626 simi,
740 1553 915 1630 qvod
959 1552 1028 1613 in
1071 1551 1570 1630 septentrionali
1614 1561 1803 1630 parte
1850 1553 2163 1614 Islandiae
2207 1553 2479 1614 unicum
2522 1562 2733 1626 extat,
2780 1573 2916 1615 uon

521 1653 750 1732 procul
772 1671 811 1712 a
842 1652 997 1712 villa
1023 1651 1454 1729 Reykiahlijd
1493 1653 1566 1726 (a
1589 1651 1720 1730 qva
1751 1651 1953 1714 etiam
1982 1671 2114 1713 non
2137 1653 2367 1731 procul
2395 1653 2646 1715 distant
2668 1654 2915 1716 fodinae

521 1753 902 1830 sulphureae
930 1752 1267 1813 veteribus
1294 1751 1707 1828 celebratae),
1745 1753 1859 1813 ubi
1912 1753 2079 1814 citra
2108 1754 2325 1814 omnis
2374 1772 2565 1832 aqvae
2596 1773 2790 1814 usum
2842 1755 2913 1814 in

523 1852 732 1913 sterili
763 1861 1024 1912 tantum
1055 1861 1121 1912 et
1153 1869 1438 1913 exsucca
1469 1870 1665 1912 arena
1724 1853 1945 1913 lavare
1975 1853 2129 1914 licet
2189 1853 2447 1914 utiliter
2474 1861 2784 1933 tanqvam
2843 1855 2913 1914 in

519 1951 858 2013 sudatorio
888 1951 1413 2031 exoptatissimo.
1510 1951 1642 2012 Hic
1666 1951 2067 2029 perlatentes
2096 1971 2291 2030 poros
2320 1961 2515 2014 terrae
2544 1962 2609 2014 et
2657 1962 2917 2014 meatus

521 2070 838 2114 venarum
868 2069 1073 2130 vapor
1101 2052 1375 2124 caliduS,
1413 2051 1715 2130 idemqve
1745 2053 2356 2131 temperatissimuS,
2394 2053 2686 2126 exhalat,
2724 2053 2911 2113 refri-

521 2153 705 2230 gerio
735 2152 852 2213 tali
873 2151 1425 2213 accommodatus.
1479 2150 1900 2213 Dominicula
1921 2152 2079 2212 olim
2110 2161 2451 2214 exstructa
2475 2161 2573 2214 est
2596 2153 2665 2212 in
2688 2171 2911 2231 super-

520 2253 664 2314 ficie
690 2262 889 2326 ‚terrae
919 2252 987 2312 in
1019 2270 1217 2312 arena
1247 2252 1443 2330 plana
1473 2271 1562 2312 ex
1583 2251 1790 2330 petris
1820 2259 2083 2312 tantum
2101 2260 2415 2330 tanqvam
2447 2261 2764 2325 coassata,
2794 2254 2908 2314 ubi

519 2353 651 2415 duo
683 2352 984 2413 homines
1013 2350 1210 2412 simul
1242 2351 1731 2428 ingrediuntur,
1767 2351 1822 2412 si
1854 2351 2090 2429 placet,
2128 2360 2195 2413 et
2234 2352 2533 2414 vestibus
2562 2353 2795 2413 nudati
2839 2353 2912 2413 in

519 2454 764 2512 harena
821 2452 925 2511 vel
957 2451 1310 2512 considunt
1368 2452 1474 2512 vel
1503 2450 1930 2524 decumbunt,
1967 2451 2339 2530 ibidemqve
2398 2452 2727 2513 liberrime
2769 2471 2915 2514 sese

519 2552 823 2613 volutant
875 2560 940 2611 et
993 2550 1455 2611 fricationibus
1484 2570 1830 2612 arenarum
1881 2551 2291 2613 commodius
2340 2551 2688 2629 indulgent
2720 2576 2733 2625 ;
2781 2572 2913 2631 qvo

520 2651 695 2712 facto
725 2650 1042 2728 paulatim
1072 2651 1454 2711 extrahitur
1484 2668 1724 2727 magna
1754 2651 2014 2711 sudoris
2048 2651 2237 2729 copia
2266 2653 2349 2713 de
2378 2652 2663 2728 singulis
2709 2671 2909 2713 mem-

517 2751 674 2820 bris,
711 2768 906 2828 qvam
949 2767 1148 2809 arena
1177 2750 1412 2810 leviter
1452 2749 1704 2811 siccant
1750 2770 1846 2822 ac,
1882 2751 1938 2812 si
1984 2752 2317 2813 remissior
2358 2753 2446 2813 sit
2491 2752 2669 2812 calor
2712 2771 2910 2829 qvam

516 2849 1008 2911 balneatoribus
1029 2849 1414 2923 satisfaciat,
1444 2851 1549 2911 vel
1573 2868 1774 2911 manu
1806 2847 1969 2930 [vel]
2000 2851 2239 2913 bacillo
2256 2851 2621 2929 subjectam
2644 2871 2912 2913 arenam

517 2959 806 3020 movent,
859 2959 933 3010 ut
978 2950 1157 3010 calor
1198 2958 1469 3027 optatus
1512 2950 1747 3011 leviter
1790 2960 2123 3028 evaporet.
2220 2952 2473 3012 Deinde
2517 2970 2671 3013 vero
2716 2952 2912 3013 facile

515 3051 919 3127 abstergitur
977 3050 1348 3128 sensimqve
1417 3058 1654 3128 sponte
1724 3068 1844 3111 sua
1914 3051 2161 3112 decidit
2188 3074 2202 3125 ;
2249 3060 2445 3130 atqve
2518 3053 2643 3113 hoc
2714 3053 2909 3114 modo

515 3170 752 3212 arcana
783 3151 848 3212 vi
874 3150 1259 3228 corporibus
1288 3151 1635 3211 hominum
1685 3150 2107 3229 peculiariter
2137 3152 2439 3212 medetur
2489 3152 2667 3212 istud
2710 3162 2909 3213 terrae

515 3252 844 3323 balneum,
875 3259 1070 3329 atqve
1101 3250 1619 3312 conservandam
1649 3250 2099 3311 valetudinem
2124 3252 2418 3330 apprime
2436 3252 2723 3330 prodest.
2817 3251 2907 3316 Et

515 3351 747 3428 religio
778 3350 906 3410 fuit
938 3349 1227 3427 antiqvis
1249 3350 1708 3427 antiqvissima
1728 3350 1987 3411 nullum
2010 3350 2120 3411 hic
2142 3350 2467 3424 balneare,
2496 3370 2909 3430 qvocumqve

515 3451 781 3511 tandem
814 3450 1039 3511 morbo
1070 3468 1308 3528 corpus
1337 3449 1649 3510 affectum
1681 3448 1904 3522 fuerit,
1942 3451 2053 3527 qvi
2085 3469 2217 3510 non
2248 3451 2495 3511 rectius
2540 3451 2803 3525 habeat,
2838 3461 2907 3512 et

514 3550 1033 3627 qvalemcunqve
1091 3549 1232 3610 sive
1303 3550 1784 3610 relaxationem
1855 3549 1995 3610 sive
2068 3550 2620 3611 absolutissimam
2694 3551 2905 3612 morbi

513 3667 736 3708 curam
788 3649 1051 3721 sentiat,
1091 3649 1263 3726 qvod
1315 3651 1508 3727 plane
1538 3649 2069 3727 superstitiosum
2123 3669 2254 3710 non
2296 3669 2435 3710 esse
2487 3651 2899 3724 crediderim,

513 3748 625 3808 sed
657 3747 936 3807 occultis
966 3756 1225 3808 naturae
1255 3749 1687 3825 qvalitatibus
1710 3748 2074 3810 tribuerim.
2170 3748 2427 3813 Extant
2450 3770 2704 3828 qvoqve
2723 3753 2903 3828 apud

513 3845 642 3907 ‘nos
676 3846 972 3919 thermae,
1011 3865 1159 3924 qvae
1192 3865 1294 3906 res
1322 3848 1668 3924 qvaslibet,
1706 3849 1759 3908 si
1791 3849 1858 3909 in
1890 3867 2093 3927 aqvas
2110 3849 2273 3910 istas
2302 3850 2735 3910 calidissimas
2782 3851 2901 3910 im-

513 3954 916 4023 mergantur,
956 3955 1270 4023 tanqv-am
1299 3947 1558 4024 lapideo
1582 3948 1825 4008 cortice
1856 3949 2217 4021 obducunt,
2245 3950 2437 4027 qvale
2466 3949 2624 4028 qvid
2647 3950 2905 4011 Plinius

509 4048 743 4109 recitat
774 4046 854 4106 de
885 4045 1081 4108 Surio
1113 4046 1450 4107 Colchidis
1480 4046 1753 4108 flumine
1782 4057 1848 4108 et
1880 4048 2273 4126 qvibusdam
2303 4049 2473 4126 aliJ‘s.

591 4172 971 4244 Capitulum
1003 4171 1311 4230 XXXVI.
1399 4163 1614 4224 Venio
1644 4164 2041 4225 iamdemum
2090 4165 2170 4224 ad
2203 4165 2545 4226 hominum
2589 4165 2902 4227 instituta

511 4274 577 4326 et
637 4263 1040 4324 affectiones.
1138 4263 1466 4324 Beneficio
1522 4263 1765 4324 Divino
1822 4264 2143 4341 singulari
2204 4265 2505 4326 homines
2534 4267 2680 4326 haec
2723 4274 2900 4328 terra

509 4365 742 4434 nutrit,
781 4383 912 4425 non
957 4363 1171 4424 solum
1203 4383 1331 4442 qvo
1376 4365 1455 4423 ad
1489 4364 1781 4441 corporis
1809 4364 1985 4424 vires
2013 4383 2088 4424 ac
2118 4373 2442 4425 staturam
2473 4363 2624 4442 alijs
2652 4366 2900 4444 optime

507 4464 890 4524 constitutis
948 4463 1330 4524 nationibus
1388 4463 1770 4540 persimileS,
1823 4464 1933 4524 sed
1994 4462 2193 4524 etiam
2252 4464 2506 4542 aliqvos
2564 4465 2773 4527 forma
2830 4475 2898 4527 et

508 4564 720 4639 figura
749 4562 1101 4623 excellenti
1133 4571 1197 4623 et
1231 4582 1435 4641 usqve
1465 4563 1545 4622 ad
1580 4562 1972 4623 miraculum
2002 4581 2258 4642 qvoqve
2289 4565 2595 4626 robustos
2624 4572 2689 4626 et
2719 4565 2898 4628 labo-

497 4663 681 4723 ribus
719 4671 793 4722 ut
827 4662 1185 4739 plurimum
1210 4671 1417 4740 aptoS,
1457 4671 1649 4722 natos
1672 4670 1736 4722 et
1762 4671 2074 4735 assvetos,
2108 4664 2609 4725 liberalioribus
2634 4674 2700 4726 et
2725 4682 2897 4743 prae-
