3242 5684
409 654 488 712 82
1345 654 1715 710 ISLANDI
1712 655 1815 709 CA

537 839 594 901 7.
647 823 745 884 De
774 821 1088 884 monstris
1117 821 1184 882 in
1217 820 1403 883 mari,

530 927 590 984 8.
643 924 740 984 De
769 922 1058 1002 piscibus
1086 920 1550 1000 grandioribus
1577 939 1698 983 seu
1728 919 2124 982 animalibus
2150 920 2401 983 oceani.

531 1043 592 1099 9.
644 1022 742 1083 De
772 1021 1137 1083 minoribus
1164 1021 1366 1082 etiam
1396 1021 1582 1100 qvasi
1615 1020 2035 1082 animalibus.

498 1139 594 1184 10,
644 1122 742 1183 De
771 1121 1106 1200 pisciculis
1136 1121 1527 1182 minusculis
1557 1119 1778 1181 maris.

499 1241 594 1284 11,
645 1222 743 1283 De
774 1221 1122 1284 minutulis
1151 1221 1442 1300 piscibus
1469 1219 1932 1281 fluviatilibus.

498 1339 592 1383 12.
645 1324 742 1382 De
771 1321 1006 1384 avibus
1033 1321 1368 1399 praecipue
1395 1320 1795 1382 domesticis,

495 1440 590 1498 13.
643 1423 741 1482 De
771 1419 1160 1497 adventitijs
1188 1438 1306 1482 seu
1338 1419 1753 1481 aestivalibus
1780 1419 2085 1481 aviculis.

497 1541 592 1598 14.
643 1520 888 1600 Opinio
905 1521 987 1582 de
1006 1520 1488 1596 hybernatione
1507 1519 1942 1594 avicularum,
1968 1519 2342 1598 ibidemqve
2360 1519 2443 1582 de
2466 1504 2805 1581 Aradalis.

500 1640 594 1699 15.
646 1621 744 1682 De
773 1621 1008 1682 avibus
1037 1619 1326 1680 marinis,

499 1726 594 1783 16.
646 1723 744 1782 De
771 1720 1040 1782 insectis
1070 1719 1466 1782 volatilium.

499 1839 593 1898 17.
647 1823 745 1882 De
774 1819 1122 1898 reptilibus
1149 1819 1439 1881 insectis.

497 1926 593 1983 18.
647 1923 744 1981 De
771 1920 1167 1981 animalibus
1196 1919 1638 1981 terrestribus,

500 2040 595 2100 19.
647 2023 745 2082 De
776 2021 954 2082 feris.

493 2139 593 2182 20.
645 2119 1034 2199 Designatio
1061 2120 1548 2198 praecipuarum
1579 2118 1849 2196 alpium,
1885 2127 2298 2197 stagnorum,
2333 2119 2693 2182 fluviorum
2722 2139 2811 2182 ac·

823 2221 1092 2282 sinuum
1120 2220 1190 2280 in
1227 2219 1540 2281 Islandia.

494 2339 592 2383 21,
645 2319 1007 2399 Appendix
1036 2319 1471 2398 superiorum.

495 2440 594 2484 22.
648 2423 745 2481 De
773 2420 1008 2482 insulis
1037 2418 1370 2498 primarijS
1399 2419 1573 2481 circa
1601 2418 2054 2480 continentem
2084 2419 2423 2482 habitatis.

494 2540 592 2597 23,
645 2523 742 2582 De
771 2520 1008 2581 insulis
1039 2521 1619 2580 Westmannorum
1650 2519 2097 2598 singulariter.

494 2639 592 2698 24.
644 2622 742 2681 De
770 2617 1181 2698 graminibus
1208 2627 1274 2678 et
1304 2618 1544 2679 herbis

494 2738 594 2796 25.
645 2721 743 2780 De
775 2717 1168 2780 fructicibus
1197 2730 1262 2778 et
1295 2718 1651 2779 radicibuS.

492 2825 592 2881 26.
645 2821 742 2880 De
773 2817 1140 2879 arbusculis
1169 2826 1235 2879 et
1268 2816 1634 2879 arboribus,

492 2938 591 2997 27,
645 2921 742 2980 De
771 2918 1165 2998 qvibusdam
1195 2917 1358 2979 locis
1387 2918 1814 2979 notabilibus,

494 3026 592 3082 28.
645 3022 742 3081 De
772 3019 1176 3080 admirandis
1207 3018 1565 3080 fossilibus,

495 3139 594 3198 29.
648 3122 745 3180 De
775 3119 1081 3180 metallis,

492 3239 592 3299 30.
645 3222 742 3280 De
770 3218 1104 3298 lapidibus
1132 3227 1196 3279 et
1225 3217 1480 3297 gennis,

490 3339 591 3397 31.
644 3322 741 3380 De
769 3320 1056 3398 puteolis
1085 3326 1150 3379 et
1183 3318 1484 3380 fontibus
1513 3317 1739 3395 varijs.

488 3439 589 3497 3²·
643 3421 740 3480 De
767 3418 1156 3480 diversitate
1185 3426 1527 3480 antrorum
1551 3427 1617 3478 et
1649 3418 2134 3496 speluncarum.

491 3538 591 3598 33.
643 3521 740 3580 De
769 3518 1216 3580 subterraneis
1244 3517 1633 3596 gigantibus
1661 3527 1727 3580 et
1759 3516 2159 3580 hominibus,

491 3638 591 3696 34.
643 3620 740 3680 De
768 3617 1125 3679 eorundem
1171 3617 1528 3680 miraculis.

489 3736 589 3796 35.
643 3719 740 3778 De
768 3717 1002 3778 balneo
1025 3717 1322 3777 arenario
1354 3717 1787 3779 nobilissimo,

489 3822 588 3896 36.
641 3820 738 3879 De
769 3815 1137 3877 hominium
1167 3815 1387 3876 indole
1417 3824 1482 3877 et
1513 3816 1867 3879 institutis.

487 3936 588 3997 37.
642 3919 740 3978 De
768 3917 1151 3977 balenarum
1181 3915 1550 3976 venatione.

488 4025 588 4097 38.
642 4019 739 4079 De
767 4014 1222 4078 artificialibus
1251 4014 1678 4077 admirandis,

488 4139 588 4196 39,
641 4119 738 4178 De
767 4114 1058 4194 ingenijs
1085 4113 1549 4177 solertissimis,

482 4239 583 4298 40.
636 4220 732 4278 De
761 4216 980 4295 operis
1008 4215 1429 4277 foeminarum
1460 4234 1536 4276 ac
1565 4214 1812 4276 ibidem
1841 4216 1923 4278 de
1954 4215 2129 4278 farre
2174 4217 2537 4281 Islandic0.

931 4380 1230 4460 Explicit
1259 4379 1524 4443 libellus
1553 4381 1633 4440 ad
1667 4379 1991 4442 Calendas
2022 4381 2257 4458 Majas.
