3242 5684
644 625 723 684 ²4
1600 617 1726 672 151.
1735 619 2070 674 Amne-A

636 788 855 869 potuit
930 789 1249 870 deripere,
1312 789 1605 870 corrupit
1677 791 2154 864 inhumaniter,
2219 809 2296 852 ac
2353 789 2658 870 captivos
2739 789 3048 850 homines

638 909 913 954 numero
944 891 1165 954 nescio
1192 903 1395 972 qvoto
1426 891 1678 964 avexit,
1714 891 1798 954 de
1825 893 2070 972 qvibus
2099 889 2310 954 alibi}

722 999 919 1061 Anno
970 999 1127 1060 1628
1176 992 1296 1054 Die
1350 991 1660 1070 Mercurij
1701 993 2132 1054 Pentecosten
2173 993 2478 1072 proxime
2509 991 2934 1072 praecedente
2973 1009 3044 1052 12

638 1091 761 1154 viri
818 1091 967 1152 navi
1026 1091 1383 1153 Bernhardi
1440 1091 1788 1154 Biiirnouis
1835 1111 1922 1154 ex
1977 1093 2394 1171 Kirkiuvoge
2445 1092 2620 1154 vecti
2669 1087 3048 1168 navigium²

639 1199 981 1254 tentarunt
1014 1193 1093 1252 ad
1126 1191 1463 1270 scopolum
1495 1191 1866 1254 solitarium
1909 1191 1976 1254 in
2009 1192 2172 1254 mari
2225 1191 2766 1272 Geirfuglaskier
2799 1191 2960 1270 (qni
3009 1209 3046 1251 a

638 1293 1021 1355 continente
1064 1293 1267 1353 distat
1310 1311 1431 1352 sex
1477 1291 1738 1368 magnis
1778 1291 2172 1354 milliaribus
2213 1303 2330 1356 aut
2374 1292 2726 1354 duodecim
2771 1291 3046 1352 minori·

638 1393 823 1466 bus),
862 1400 1207 1472 postqvam
1268 1410 1387 1454 nec
1417 1391 1539 1453 visi
1604 1411 1724 1454 nec
1769 1393 2004 1454 auditi.
2099 1393 2300 1456 Anno
2349 1393 2582 1454 eodem
2643 1397 2724 1454 28
2785 1391 3050 1472 Aprilis

634 1495 879 1556 coelum
904 1491 1205 1570 inprimis
1222 1493 1387 1554 bene
1410 1510 1601 1554 mane
1618 1493 1986 1564 serenabat,
2011 1493 2250 1554 deiude
2265 1513 2302 1554 a
2323 1512 2496 1554 nona
2511 1491 3048 1555 antemeridiana

638 1595 719 1656 ad
768 1591 1225 1654 duodecimam
1278 1610 1483 1671 usqve
1535 1593 1782 1654 coaluit
1817 1591 1882 1654 in
1936 1593 2086 1655 a'e're
2116 1593 2406 1655 circulus
2455 1595 2667 1664 albus,
2701 1593 3048 1671 capitibus

640 1693 883 1756 nostris
910 1713 997 1754 ex
1043 1695 1178 1754 alto
1208 1691 1840 1772 perpendiculariter
1871 1691 2240 1765 imminenS,
2278 1703 2487 1755 tantae
2545 1693 3040 1772 amplitudinis,

640 1804 713 1856 ut
762 1793 1123 1855 horizontis
1154 1791 1359 1854 nostri
1420 1791 1744 1854 ambitum
1775 1791 1944 1870 pene
1999 1803 2344 1873 oeqvaret;
2391 1793 2756 1854 distinctus
2811 1803 3044 1854 autem

638 1905 779 1956 erat
810 1903 1097 1974 quatuor
1125 1891 1393 1971 parelijs
1438 1911 1557 1954 seu
1599 1891 1871 1966 lunulis,
1911 1910 2040 1954 una
2087 1892 2354 1972 qvidem
2398 1892 2466 1954 in
2511 1893 2792 1964 oriente,
2829 1894 3046 1955 altera

639 2015 727 2058 ex
758 1995 1035 2055 adverso
1064 1993 1131 2054 in
1156 1992 1519 2064 occidente,
1558 1992 1754 2054 tertia
1786 1993 1866 2052 ad
1905 1991 2340 2060 Evronotum.
2376 2003 2612 2073 qvarta
2643 1991 2726 2054 ad
2749 1992 3042 2058 Libono-

638 2105 783 2158 tum
812 2112 931 2156 seu
962 2093 1267 2154 Africum
1300 2115 1313 2164 ;
1360 2103 1682 2169 praeterea
1711 2091 1847 2152 duo
1877 2091 2080 2154 arculi
2119 2093 2404 2154 minores
2445 2091 2572 2154 sibi
2605 2102 2844 2154 mutuo
2885 2111 3041 2154 con-

636 2195 851 2275 juncti
888 2193 1251 2255 maximum
1282 2191 1489 2264 illum,
1527 2211 1660 2270 qva
1719 2191 2056 2252 meridiem
2117 2193 2478 2270 spectabat,
2517 2192 3036 2264 intersecabant,

636 2295 974 2372 adjunctis
1030 2313 1117 2355 ex
1169 2291 1463 2353 inferiori
1524 2301 1710 2370 parte
1769 2291 2058 2354 nubibus
2115 2311 2264 2352 cum
2323 2293 2543 2354 colore
2599 2292 2791 2353 iridis
2849 2293 3042 2372 qvasi

638 2397 908 2474 igneum
928 2393 1086 2473 qvid
1104 2411 1245 2472 prae
1272 2411 1341 2453 se
1368 2391 1756 2454 ferentibus,
1807 2391 2036 2452 Simile
2065 2392 2221 2471 qvid
2255 2391 2472 2453 visum
2503 2400 2604 2453 est
2635 2393 2840 2454 Anno
2879 2397 3040 2454 1626

638 2496 723 2558 ab
742 2496 903 2555 hora
922 2493 1309 2555 duodecima
1324 2493 1403 2554 ad
1428 2491 1693 2552 tertiam
1713 2509 1918 2570 usqve
1939 2491 2378 2570 vespertinam
2395 2502 2461 2554 et
2477 2493 2742 2572 qvidem
2761 2493 3036 2570 saepiuS,

640 2605 715 2658 ut
747 2595 1013 2673 qvidam
1044 2592 1361 2655 referunt.
1456 2591 1705 2654 Eodem
1737 2610 1911 2652 anno
1942 2594 2073 2652 Dn.
2106 2593 2308 2667 Jonas
2349 2593 2432 2653 de
2495 2593 2744 2654 Melum
2789 2589 3042 2672 pastor'

640 2695 803 2757 dicit
834 2715 901 2755 se
933 2694 1175 2756 vidisse
1204 2695 1371 2754 duos
1400 2693 1571 2754 soles
1600 2692 1798 2753 simul
1827 2691 1936 2752 die
1970 2691 2462 2754 Purificationis
2511 2693 2765 2755 Mariae.
2861 2696 3038 2754 Item

638 2797 749 2857 die
794 2793 1371 2856 AnnunciationiS.
1464 2792 1663 2852 Anno
1705 2791 1932 2852 eodem
1966 2791 2206 2868 muljer
2262 2792 2565 2872 qvaedam
2600 2793 2908 2854 maritata
2965 2793 3038 2854 in

642 2896 985 2973 Dffrafirde
1015 2893 1443 2956 occidentalis
1466 2892 1778 2954 Islandiae
1804 2892 2056 2970 peperit
2110 2891 2434 2953 infantem
2467 2893 2659 2954 valde
2711 2902 3038 2954 monstro-

639 3017 808 3070 sum,
844 2997 955 3076 qvi
987 2993 1291 3075 qvamvis
1312 2992 1744 3071 plurimorum
1777 2993 2216 3052 membrorum
2241 2993 2407 3054 vitio
2437 2994 2786 3068 laboraret,
2813 3004 3038 3055 tamen

640 3099 877 3177 capitis
906 3097 1117 3158 forma
1146 3113 1285 3172 prae
1314 3091 1573 3155 caeteris
1602 3101 1740 3154 erat
1773 3091 2228 3154 formidabilis.

721 3207 919 3266 Anno
954 3204 1113 3264 1629
1158 3193 1447 3256 Rettulit
1476 3193 1864 3252 Brandanus
1894 3191 2070 3252 Petri
2098 3193 2518 3254 Mirdalensis
2545 3193 2818 3272 eripisse
2847 3193 3036 3253 flam-

640 3319 813 3360 mam
844 3317 994 3359 cum
1027 3294 1293 3368 favillis,
1330 3292 1589 3372 pumice
1612 3311 1730 3352 seu
1759 3291 2018 3353 exustis
2049 3292 2379 3369 lapidibus
2409 3293 2476 3352 in
2507 3293 2813 3354 orientali
2834 3296 3034 3372 plaga

638 3420 726 3461 ex
771 3398 1051 3476 alpibuS,
1090 3391 1596 3457 Grimsviitnum
1627 3391 1885 3464 viciniS,
1922 3403 1988 3452 et
2021 3410 2338 3470 aqvarum
2371 3393 2506 3454 vim
2539 3393 3034 3455 Breidarmerk·

640 3498 885 3561 ursand
920 3515 995 3556 ac
1022 3491 1541 3558 SkeidarArsand
1586 3493 1798 3568 (ultra
1828 3491 2123 3571 quinque
2169 3491 2474 3552 milliaria
2507 3496 2784 3570 magna)
2839 3495 3036 3555 inun-

638 3601 850 3671 dasse,
886 3595 1255 3673 pabulaqve
1298 3592 1665 3670 jugmentis
1720 3591 2216 3669 intercoepisse;
2265 3593 2642 3654 mendicum
2701 3595 3034 3672 qvendam

640 3717 791 3762 cum
838 3714 1049 3758 uxore
1092 3692 1443 3771 liberisqve
1474 3691 1724 3770 aliqvot
1769 3691 2202 3752 inundatione
2247 3691 2372 3751 ista
2417 3692 2710 3766 obrutoS,
2749 3695 3036 3756 alterum

639 3818 797 3863 vero
832 3795 1202 3857 mendicum
1250 3810 1399 3854 cum
1431 3809 1641 3853 uxore
1692 3810 1768 3853 ac
1798 3791 2012 3852 tribus
2057 3791 2282 3852 liberis
2317 3791 2634 3867 (fortasse
2687 3795 3031 3871 pluribus)

642 3901 760 3963 Dei
824 3895 1141 3958 beneficio
1170 3894 1387 3954 salvos
1442 3901 1509 3953 et
1553 3891 1831 3970 sospites
1888 3891 2174 3952 evasisse
2218 3899 2365 3969 post
2425 3893 2715 3972 qvinqve
2773 3895 3034 3956 dierum

637 4000 1044 4064 mansionem
1067 3996 1135 4057 in
1155 3995 1413 4055 deserta
1437 4010 1654 4064 arena,
1692 3992 1850 4051 dum
1872 3991 2309 4066 cateclysmus
2339 3991 2464 4054 iste
2489 4001 2625 4053 tam
2655 4005 2810 4056 ante
2835 4014 3035 4073 qvam

637 4113 813 4165 retro
835 4110 1187 4176 utrumqve
1217 4096 1393 4156 latus
1414 4091 1612 4154 obvia
1642 4109 1918 4169 qvaeqve
1943 4090 2234 4152 dirueret
2269 4093 2372 4152 vel
2397 4093 2725 4155 obrueret.
2779 4093 3034 4158 Eodem

544 4219 549 4223 ·
636 4223 811 4265 anno
850 4220 920 4276 15
953 4196 1247 4276 Augusti
1281 4191 1663 4271 hujusmodi
1697 4191 1962 4267 signum
2015 4190 2082 4250 in
2115 4190 2264 4252 a‘e're
2317 4193 2622 4269 apparuit
2654 4195 2739 4255 ab
2788 4205 3036 4256 exortu

634 4303 795 4368 solis
824 4317 1028 4378 usqve
1060 4299 1141 4358 ad
1174 4299 1404 4358 horam
1435 4310 1678 4354 nonam
1709 4289 2318 4352 antemeridianam.
2397 4292 2802 4369 Splendabat
2833 4295 2932 4354 sol
2963 4295 3036 4355 in

635 4412 823 4465 motu
853 4420 974 4462 suo
1004 4396 1396 4459 naturaliter
1425 4411 1577 4455 cum
1607 4387 1875 4469 parelijs
1905 4401 2058 4450 ante
2089 4399 2152 4450 et
2185 4399 2360 4450 retro
2393 4390 2555 4452 mire
2589 4391 3028 4470 fulgentibuS,

633 4503 808 4585 qvod
881 4509 1104 4561 autem
1175 4505 1511 4557 meteoron
1584 4489 1983 4569 seqvebatur
2053 4491 2280 4562 solem,
2360 4491 2579 4551 radios
2648 4492 3036 4556 decussatos

630 4602 998 4668 emittebat.
1097 4601 1246 4658 Duo
1276 4604 1499 4657 autem
1528 4590 1772 4653 similia
1802 4589 2048 4667 parelia
2108 4608 2337 4650 versus
2366 4590 2774 4653 occidentem
2832 4593 3034 4655 colla-
