3242 5684
1189 643 1310 696 DE
1341 642 1808 696 MJRABJLJB
1816 643 1914 698 σε
2666 649 2741 710 53
2778 660 2791 670 ·

353 811 592 873 vicinis
619 811 753 873 oris
783 810 1082 872 habitare
1111 819 1386 889 putatur
1413 810 1519 872 vel
1549 810 1752 872 etiam
1770 811 1839 872 in
1868 811 2013 888 ipso
2042 812 2296 890 pelago,
2328 813 2545 874 colore
2568 829 2738 873 mus-

353 912 582 974 tellino
625 911 706 972 ad
751 911 974 972 album
1019 919 1353 988 vergente.
1449 911 1645 971 Hanc
1686 911 1973 972 solemus
2028 912 2311 983 ardeam,
2364 913 2585 990 hegra,
2636 912 2741 973 vel

353 1012 642 1072 maxime
673 1009 1026 1089 improprie
1055 1011 1404 1089 appellare,
1443 1029 1595 1070 nam
1626 1011 1822 1072 ardea
1850 1011 2073 1088 culpat
2104 1029 2325 1090 aqvas,
2355 1013 2508 1090 qvia
2532 1011 2741 1073 nescit

351 1130 507 1173 nare
565 1130 680 1190 per
711 1110 897 1184 illas;
945 1111 1089 1172 haec
1145 1119 1370 1172 autem
1399 1129 1530 1170 non
1585 1109 1911 1172 similiter.
2004 1110 2322 1172 Falcones
2378 1111 2739 1172 Islandiam

349 1211 663 1290 primario
693 1211 956 1290 qvidem
1008 1210 1496 1288 ingrediuntur,
1531 1219 1761 1288 postea
1818 1219 2181 1272 nascuntur
2208 1219 2274 1271 et
2332 1211 2731 1272 inhabitant.

353 1311 508 1372 Albi
568 1320 788 1373 autem
817 1310 1151 1389 praecipue
1207 1329 1294 1371 ex
1327 1309 1739 1372 Gronlandia
1796 1318 1911 1371 aut
1943 1310 2092 1370 aliis
2146 1310 2521 1372 borealibus
2576 1311 2738 1372 locis

349 1411 714 1474 creduntur
763 1409 1091 1471 advolare.
1185 1410 1435 1472 Corvos
1486 1409 1857 1486 Crimogaea
1916 1427 2252 1489 nunqvam
2302 1410 2472 1472 vidit
2524 1411 2727 1484 albos,

347 1511 650 1591 qvamvis
677 1511 784 1573 vel
815 1509 1037 1587 magni
1067 1509 1355 1570 nominis
1396 1509 1522 1571 viri
1553 1509 1694 1570 suis
1736 1509 2169 1572 relationibus
2199 1511 2323 1572 hoc
2366 1510 2727 1584 insinuant,

348 1612 460 1673 sed
521 1610 879 1673 corniculae
923 1611 1055 1670 huc
1113 1610 1475 1670 adventant
1523 1627 1672 1670 raro
1728 1618 1923 1688 atqve
1968 1609 2194 1671 hiante
2252 1629 2546 1685 numero,
2582 1630 2732 1689 qvae

347 1720 605 1773 statura
648 1711 844 1788 longe
875 1709 1161 1771 minores
1203 1717 1360 1770 sunt
1390 1709 1608 1770 corvis
1664 1709 1828 1770 etin
1871 1718 2136 1787 pectore
2178 1710 2486 1784 albicant,
2524 1730 2733 1791 neqve

343 1813 462 1874 diu
494 1812 950 1882 immorantur,
987 1809 1116 1869 nisi
1145 1809 1212 1869 id
1243 1826 1400 1871 casu
1431 1808 1685 1870 accidat
1716 1831 1731 1883 ;
1780 1828 1901 1870 nec
1928 1810 2085 1884 scio,
2122 1828 2205 1870 an
2239 1811 2393 1887 gelu
2435 1820 2736 1873 nostrum

349 1910 869 1972 intensissimum
897 1909 1222 1970 sustinere
1251 1907 1516 1969 valeant
1547 1926 1668 1970 nec
1699 1927 1799 1970 ne.
1892 1907 2175 1986 Smyrill
2206 1927 2416 1986 genus
2443 1911 2586 1972 avis
2635 1921 2735 1973 est

347 2011 588 2072 falconi
640 2027 758 2089 per
784 2009 1006 2070 omnia
1054 2008 1308 2082 similiS‚
1347 2007 1472 2068 nisi
1523 2009 1698 2087 qvod
1726 2025 1981 2086 semper
2032 2011 2313 2071 colorem
2359 2011 2734 2073 cineritium

347 2112 644 2174 obtineat
674 2119 738 2172 et
772 2108 985 2186 figura
1014 2108 1100 2170 sit
1131 2109 1342 2169 multo
1373 2108 1606 2169 minor.
1701 2110 1871 2169 Haec
1900 2107 2161 2170 avicula
2193 2110 2381 2170 nobis
2411 2111 2726 2185 nascitur,

347 2213 510 2274 alias
537 2211 786 2272 dicitur
813 2210 1190 2287 importata.
1284 2208 1720 2284 Hyrundines
1748 2207 1932 2287 qvasi
1964 2208 2285 2270 inusitato
2314 2210 2532 2271 omine
2572 2229 2731 2272 non-

349 2329 686 2390 nunqvam
716 2327 785 2371 se
813 2308 1134 2371 videndas
1162 2308 1436 2385 prebent
1467 2316 1534 2369 et
1564 2325 1715 2368 cum
1746 2307 2033 2385 navigiis
2063 2309 2193 2368 huc
2224 2327 2439 2370 errare
2470 2309 2734 2372 indiciis

351 2413 527 2473 haud
587 2409 856 2473 incertis
913 2407 1219 2485 conjicio,
1270 2407 1570 2486 qvamvis
1626 2408 1954 2486 qvomodo
2010 2427 2079 2468 se
2136 2409 2553 2484 subtrahant,
2605 2411 2732 2472 nisi

347 2512 774 2583 emoriantur,
811 2509 984 2588 qvod
1030 2515 1380 2586 expertum
1431 2515 1552 2581 est,
1588 2507 1843 2584 ignoro,
1939 2509 2081 2569 Nec
2131 2508 2267 2570 fere
2305 2510 2529 2588 plures
2576 2520 2734 2572 sunt

349 2631 504 2674 aves
533 2618 897 2672 terrestres
989 2609 1376 2686 Seqvuntur
1405 2607 1699 2668 marinae.

432 2735 814 2808 capitulum
845 2733 990 2792 XV.
1081 2723 1399 2784 Primaria
1429 2723 1592 2797 aviS,
1628 2723 1864 2802 pelago
1892 2725 2101 2786 veluti
2154 2735 2429 2801 sacrata,
2466 2728 2739 2788 skzimur

351 2837 643 2901 vocatur,
681 2824 1207 2902 magnitudinem
1237 2823 1418 2885 corvi
1449 2825 1798 2897 exceden3‚
1835 2825 2051 2885 colore
2094 2826 2543 2902 subcineritio‚
2580 2847 2732 2889 ven-

348 2937 512 2990 trem
545 2928 713 2999 albo,
752 2924 903 3001 alijs
931 2922 1523 2997 haakallaskamur‚
1553 2925 1728 3002 qvod
1760 2943 1837 2985 eo
1860 2933 2153 3003 tempore
2172 2927 2376 3003 vulgo
2394 2937 2728 3005 appareat,

349 3048 478 3108 qvo
528 3027 639 3088 isti
691 3026 902 3104 pisces
952 3025 1178 3085 littora
1225 3031 1448 3084 nostra
1499 3023 1771 3084 visitare
1820 3024 2053 3084 solent.
2149 3023 2400 3096 Altera,
2436 3026 2577 3086 sala
2628 3029 2733 3088 vel

349 3128 623 3207 hafsdla,
662 3125 916 3186 minimi
947 3123 1147 3184 oloris
1177 3123 1314 3184 fere
1345 3122 1872 3200 magnitudinem
1925 3131 2211 3199 gestanS,
2251 3125 2469 3186 albido
2517 3128 2733 3188 colore

345 3225 884 3290 extremitatibus
913 3224 1165 3284 alarum
1195 3221 1404 3297 nigris
1433 3221 1809 3299 conspicua.
1900 3220 2165 3300 Mdffur
2190 3223 2294 3283 vel
2326 3243 2517 3292 maar
2552 3226 2732 3288 corvi

343 3328 606 3391 circiter
662 3323 1188 3402 magnitudinem
1248 3329 1487 3400 aeqvat,
1552 3322 1769 3382 colore
1847 3321 2194 3382 albicando
2281 3332 2344 3383 et
2428 3326 2731 3386 nonnihil

345 3427 657 3500 suffusco,
694 3424 836 3485 avis
885 3423 1088 3500 vulgo
1135 3421 1498 3494 notissima,
1537 3440 1685 3498 qvae
1733 3439 1943 3499 neqve
1994 3421 2061 3480 in
2114 3422 2255 3499 ipsa
2303 3423 2533 3484 bruma
2584 3444 2733 3486 oras

346 3537 605 3590 nostras
631 3524 897 3586 deserit.
990 3521 1227 3582 Affinis
1246 3520 1404 3581 huic
1422 3521 1688 3581 videtur
1710 3539 1850 3581 esse
1874 3520 2238 3601 fylijngur,
2265 3524 2463 3601 paulo
2494 3525 2727 3599 minor,

345 3627 622 3690 maculis
651 3623 890 3704 partim
921 3622 1128 3698 nigris
1157 3621 1396 3699 partim
1429 3620 1613 3693 albis,
1650 3620 1830 3681 varie
1860 3620 2193 3682 distinctis
2222 3624 2406 3701 qvasi
2452 3627 2736 3702 guttulis

233 3724 238 3728 ’
343 3737 486 3791 toto
544 3742 812 3803 corpore
869 3717 1198 3798 insigniS.¹
1309 3719 1560 3780 Deinde
1617 3720 2014 3780 suartbakur
2066 3722 2240 3783 inter
2298 3723 2579 3800 majores
2635 3734 2734 3787 est

343 3830 528 3892 velut
588 3841 827 3900 anceps
884 3822 1044 3895 aviS‚
1111 3820 1264 3898 qvia
1321 3828 1564 3898 praeter
1624 3820 1954 3881 maritima
2013 3822 2155 3882 loca
2212 3823 2413 3884 etiam
2486 3825 2735 3886 insulas

345 3927 702 3990 fluviatiles
720 3932 785 3984 et
805 3924 966 3994 loca,
994 3921 1075 3981 ab
1094 3939 1338 3980 oceano
1356 3918 1552 3995 longe
1564 3920 1912 3992 dissita‚ad
1935 3921 2407 3983 nidificandum
2427 3926 2731 3986 observat

343 4037 410 4090 et
441 4033 742 4103 occupat.
837 4024 1094 4082 Nomen
1127 4021 1325 4080 habet
1356 4038 1393 4079 a
1433 4021 1628 4080 dorso
1659 4030 1724 4080 et
1756 4020 1879 4081 alis
1907 4039 2188 4098 superne
2233 4022 2460 4098 nigriS‚
2500 4033 2729 4086 ventre

256 4183 261 4188 .
345 4136 569 4190 autem
612 4133 678 4187 et
739 4123 975 4184 subtus
1019 4120 1207 4181 albis·
1329 4119 1620 4180 Minores
1665 4139 1819 4180 aves
1882 4139 2126 4180 oceano
2169 4132 2609 4197 congruentes
2667 4133 2733 4185 et

345 4245 620 4290 numero
636 4231 794 4286 sunt
822 4222 1044 4300 plures
1062 4229 1127 4280 et
1157 4216 1478 4280 varietate
1498 4219 1739 4283 coloris
1766 4218 2253 4289 diversissimae,
2278 4239 2438 4297 qvas
2469 4231 2729 4284 tantum

345 4326 607 4389 nomine
664 4333 858 4385 tenus
888 4321 1108 4399 aliqvo
1162 4327 1358 4397 pacto
1389 4327 1707 4378 annotare
1764 4317 1968 4390 volui,
2005 4319 2314 4396 qvoniam
2374 4321 2535 4381 mihi
2598 4343 2729 4384 non

253 4407 260 4414 ’
345 4436 580 4490 exacte
638 4429 900 4485 constat
958 4420 1040 4480 de
1097 4419 1360 4480 illarum
1404 4425 1642 4479 exacta
1688 4417 2023 4480 varietate.
2140 4418 2469 4481 Dicuntur
2512 4432 2735 4485 autem

341 4527 558 4600 aalka,
615 4523 912 4602 ldngvffe,
949 4520 1161 4592 lunde,
1218 4518 1483 4596 skiegla,
1520 4516 1805 4595 skarfur,
1864 4518 2035 4578 teiste
2063 4519 2169 4579 vel
2220 4520 2466 4581 rectius
2514 4525 2725 4600 peine,

411 4658 428 4689 ¹
445 4661 514 4709 In
538 4657 637 4707 the
660 4652 881 4720 margin
907 4668 918 4702 ε
960 4648 1248 4716 Geiry‘ugl.
