3242 5684
968 611 1458 668 ANNALIUM
1481 611 1892 666 FARRAGO
2545 615 2617 677 15

232 778 487 858 vigilijs
515 789 582 843 et
613 781 855 859 qvibus
897 789 1158 860 poterat
1191 779 1579 858 ministeriis
1638 798 1905 860 operam
1933 780 2290 854 locaturus,
2328 778 2620 842 monitus

230 887 332 941 est
363 898 402 941 a
431 881 661 942 eodem
691 881 984 960 maligno
1013 881 1274 961 spiritu,
1311 900 1394 942 ne
1422 881 1575 942 sede
1624 899 1745 942 sua
1794 881 1991 942 domo
2028 888 2299 954 arceret,
2328 878 2504 960 qvod
2562 877 2619 940 si

231 979 491 1042 diutius
548 989 861 1055 maneret,
901 990 1337 1060 experturum
1394 981 1550 1061 qvid
1596 989 1818 1061 posset
1862 980 2315 1042 minitabatur.
2406 977 2617 1041 Thor-

227 1088 480 1155 stenuS‚
517 1100 598 1143 ne
627 1081 785 1161 qvid
817 1083 1087 1160 gravius
1114 1081 1499 1155 incurreret,
1534 1079 1794 1143 mature
1822 1081 1945 1143 sibi
1967 1080 2129 1157 fuga
2157 1079 2511 1142 consuluit.

317 1189 516 1250 Anno
550 1190 706 1251 1607
751 1181 874 1260 *13
905 1181 1303 1244 Novembris
1331 1181 1400 1242 in
1429 1180 1770 1260 provincia
1799 1181 2081 1260 qvadam
2109 1181 2282 1259 apud
2314 1178 2623 1243 Snaefells

229 1279 439 1356 Jokul
468 1282 708 1360 muljer
735 1281 937 1343 enixa
971 1290 1070 1344 est
1099 1282 1426 1344 infantem
1476 1281 1767 1342 insolitae
1794 1280 2256 1354 deformitatis,
2285 1279 2619 1359 praecipue

231 1381 446 1460 qvoad
508 1382 766 1444 faciem.
859 1382 1182 1461 Superius
1237 1381 1414 1444 enim
1479 1382 1737 1444 labrum
1808 1380 2017 1443 veluti
2091 1380 2419 1443 bisulcum
2492 1378 2621 1441 fuit

233 1489 514 1561 utraqve
570 1491 757 1561 parte
787 1483 1241 1561 propendula;
1289 1499 1480 1543 nares
1535 1499 1736 1560 supra
1795 1482 2064 1542 modum
2121 1477 2403 1560 amplae¹;
2450 1480 2616 1541 alter

231 1583 468 1644 oculus
522 1583 720 1644 solito
749 1584 946 1661 longe
1003 1582 1233 1660 major,
1269 1584 1437 1643 alter
1479 1590 1705 1644 autem
1735 1600 1865 1642 non
1896 1582 2293 1660 conspicuus
2322 1603 2337 1656 ;
2384 1598 2620 1642 manus

233 1681 364 1742 alia
415 1691 666 1761 septem
715 1683 980 1760 digitoS,
1019 1682 1148 1743 alia
1198 1691 1462 1744 tantum
1494 1691 1628 1744 tres
1672 1681 1927 1744 habuit.
2032 1679 2301 1761 [Paucis
2356 1689 2619 1743 tantum

230 1791 375 1842 erat
406 1782 630 1857 animi,
665 1790 742 1844 ut
773 1800 913 1844 rem
942 1782 1248 1844 exactius
1277 1780 1798 1860 cognoscerent.²
1879 1780 2174 1846 *Eodem
2220 1800 2395 1842 anno
2433 1798 2504 1858 15
2552 1789 2618 1842 et

242 1886 316 1943 16
339 1878 740 1944 Decembris³
756 1882 1154 1947 Skalholtiae
1178 1891 1572 1960 conspectus
1589 1889 1689 1944 est
1713 1882 1880 1944 coelo
1902 1899 2133 1944 sereno
2155 1889 2409 1943 cometa
2432 1880 2619 1960 qvasi

232 1983 380 2042 zdae
410 1991 525 2044 aut
557 1983 713 2058 gtiae
743 1981 1224 2060 magnitudinis
1253 1982 1426 2043 inter
1458 1984 1825 2042 Draconem
1854 1989 1921 2042 et
1971 1983 2218 2044 Ursum
2268 1980 2612 2058 Maiorem,

231 2082 348 2161 qvi
373 2101 504 2144 non
536 2082 832 2144 claritate
854 2082 969 2144 sed
1000 2081 1461 2160 magnitudine
1490 2081 1776 2160 reliqvas
1795 2082 2021 2142 stellas
2048 2080 2405 2160 superavit,
2435 2089 2501 2142 et
2532 2100 2622 2142 ex

231 2182 348 2243 illo
389 2179 583 2261 [radij
619 2201 742 2244 ceu
771 2182 959 2260 virga
989 2183 1070 2242 ad
1102 2191 1402 2244 austrum
1425 2182 1771 2242 tendentes
1791 2179 2037 2258 egressi
2056 2177 2265 2242 sunt.‘
2348 2180 2617 2242 Diutur-

232 2282 487 2344 niorem
543 2281 689 2359 ejus
746 2281 963 2344 visum
1020 2282 1484 2344 antecedentes
1541 2290 1605 2342 et
1664 2290 2139 2360 conseqventes
2186 2277 2630 2342 obfuscarunt

234 2381 506 2461 pluviae.

319 2490 517 2550 Anno
552 2490 709 2551 16⁰8
753 2481 1040 2546 *Scribit
1115 2483 1275 2543 Dus,
1357 2477 1741 2554 Bodvarus⁶,
1806 2481 2207 2542 reverendus
2272 2499 2479 2542 senex
2551 2489 2617 2542 et

233 2583 634 2662 praepositus
662 2581 733 2643 in
763 2581 1125 2655 occidente,
1161 2600 1336 2661 saepe
1367 2589 1787 2660 conspectam
1818 2581 2023 2643 fuisse
2052 2581 2285 2643 iridem
2314 2581 2397 2642 de
2426 2590 2621 2643 nocte

228 2682 662 2762 seqv'entibus
717 2690 784 2743 et
812 2681 1344 2760 praecedentibus
1402 2681 1582 2742 illam
1613 2681 1991 2743 lucentibus
2035 2681 2361 2756 meteoris,
2398 2681 2623 2760 qvales

232 2782 304 2844 in
354 2781 648 2861 paraelijs
675 2798 988 2860 apparere
1037 2781 1272 2855 solent,
1311 2781 1483 2860 qvod
1536 2781 1732 2842 multi
1763 2780 2067 2842 admirati
2118 2789 2297 2842 sunt.
2390 2781 2621 2842 Refert

236 2891 458 2944 tamen
516 2882 940 2942 Bernhardus
996 2880 1228 2943 Fuseri
1286 2900 1356 2942 se
1414 2889 1619 2942 noctu
1676 2881 1922 2958 saepius
1977 2881 2224 2942 vidisse
2293 2879 2619 2958 ejusmodi

232 2978 521 3056 iridem,⁸
561 2999 758 3060 qvam
815 2981 1117 3042 nonnulli
1177 2980 1347 3042 aetis
1403 2980 1910 3042 instabilitatem
1968 2982 2281 3043 denotare
2351 2989 2613 3058 putent.

230 3085 405 3143 Item
475 3081 744 3144 Gislaus
811 3077 1164 3154 Theodori,
1242 3077 1745 3159 nomophylax,⁷
1817 3080 2115 3142 meminit
2173 3079 2379 3157 hujus
2432 3080 2621 3141 iridis

235 3179 383 3243 hac⁸
412 3184 648 3258 hyeme
680 3168 1049 3259 conspectae
1099 3181 1236 3241 fere
1265 3199 1382 3259 per
1430 3180 1760 3258 integram
1790 3179 2226 3258 septimanam
2277 3180 2613 3242 continue.

234 3278 430 3344 Item⁹
460 3284 697 3343 Ivarus
745 3278 1078 3342 Theodori
1109 3280 1272 3341 dicit
1323 3299 1392 3340 se
1423 3279 1669 3341 vidisse
1719 3287 1873 3341 ante
1906 3278 2175 3341 Festum
2226 3279 2621 3342 Nativitatis

233 3381 486 3445 Christi
517 3380 842 3457 eiusmodi
873 3379 1136 3458 signum
1167 3380 1236 3441 in
1282 3381 1470 3454 coelo,
1507 3380 1699 3459 qvale
1727 3380 1837 3440 hic
1886 3387 2242 3440 annotatur
2275 3379 2327 3443 ἱ)
2355 3383 2455 3442 Ιχ·
2498 3389 2577 3448 ,Ἡ
2598 3428 2611 3442 .

231 3479 528 3545 *Eodem
558 3498 732 3541 anno
762 3479 904 3558 ipso
943 3478 1114 3541 festo
1144 3476 1294 3542 die¹⁰
1325 3479 1503 3541 Petri
1535 3479 1605 3540 in
1658 3479 2018 3541 Februario
2048 3487 2475 3558 conspectum
2521 3490 2620 3542 est

234 3588 604 3641 monstrum
646 3579 718 3639 in
761 3578 916 3640 Albi
960 3579 1411 3642 Skalholtensi
1455 3580 1652 3658 idqve
1695 3599 1773 3641 eo
1816 3579 1884 3639 in
1929 3579 2093 3654 loce,
2132 3579 2244 3641 ubi
2308 3575 2623 3659 [scaphafl

232 3677 540 3756 trajicere
561 3680 774 3740 solent
797 3678 1104 3741 viatores,
1191 3679 1406 3740 *Item
1431 3698 1512 3756 30
1537 3678 1828 3757 Augusti
1853 3687 1919 3741 et
1942 3679 2187 3758 saepius
2205 3682 2620 3759 qvemadmo·

229 3781 397 3841 dum
420 3779 680 3841 rettulit
703 3779 842 3857 ipse
863 3779 1145 3857 portitor
1169 3778 1519 3856 Eyvindus
1541 3776 1920 3841 Thorsteni.
2013 3777 2305 3844 *Eodem
2336 3799 2512 3842 anno
2548 3799 2620 3859 15

235 3879 634 3942 Novembris
663 3879 732 3939 in
762 3878 1154 3940 occidentali
1184 3878 1381 3958 plaga
1439 3879 1752 3943 Islandiae
1780 3877 2372 3956 Steingrijmsfirde
2429 3881 2624 3960 plane

230 3989 549 4042 exustum
607 3987 707 4040 est
769 3978 1184 4040 territorium
1245 3979 1626 4054 Heydalsaa
1682 3986 2068 4057 erumpente
2126 3997 2243 4058 per
2298 3981 2621 4042 coenaculi

232 4080 686 4160 pavimentum
742 4079 897 4155 igne
953 4080 1420 4153 subterrane03
1479 4076 1799 4158 [taleqvid
1858 4075 2087 4156 prius¹²
2144 4079 2470 4141 acciderat
2549 4080 2618 4141 in

231 4181 464 4242 eodem
495 4178 874 4240 habitaculo
916 4179 1242 4240 incolente
1273 4179 1502 4240 eodem
1551 4178 1898 4258 inqvilino,
1937 4178 2049 4257 qvi
2103 4196 2281 4240 nunc
2310 4180 2475 4240 adeo
2524 4190 2625 4242 est

233 4280 420 4342 senio
449 4279 811 4340 confectus,
861 4277 1161 4340 *Rursus
1180 4279 1409 4340 eodem
1429 4299 1602 4339 anno
1621 4279 1824 4340 refert
1850 4280 1976 4340 Dn.
2016 4278 2341 4340 Gamaliel
2359 4276 2626 4357 pastor¹⁸

229 4400 304 4442 se
333 4399 509 4458 saepe
539 4379 784 4441 vidisse
813 4378 1003 4456 signa
1034 4386 1098 4439 et
1130 4387 1418 4441 meteora
1448 4378 1516 4440 in
1549 4379 1736 4440 coelo.
1842 4374 2059 4458 [Idem
2082 4376 2506 4440 constanter¹⁴
2528 4381 2620 4441 af-

230 4481 454 4542 firmat
509 4499 580 4541 se
609 4497 761 4540 cum
819 4478 1044 4540 multis
1073 4477 1224 4555 alijs
1279 4479 1522 4541 vidisse
1552 4479 1720 4540 coelo
1777 4497 2007 4540 sereno
2050 4478 2322 4540 densam
2380 4481 2623 4543 nubem

231 4580 504 4643 rubram
561 4597 638 4640 ac
693 4578 763 4639 in
822 4578 1040 4640 medio
1097 4578 1487 4656 fuligineam
1544 4579 1757 4640 instar
1811 4577 2157 4656 sangvinis
2212 4577 2630 4656 stagnantis¹⁵
