<?xml version="1.0" encoding="UTF-8"?>
<!DOCTYPE html PUBLIC "-//W3C//DTD XHTML 1.0 Transitional//EN"
    "http://www.w3.org/TR/xhtml1/DTD/xhtml1-transitional.dtd">
<html xmlns="http://www.w3.org/1999/xhtml" xml:lang="en" lang="en">
 <head>
  <title>
</title>
<meta http-equiv="Content-Type" content="text/html;charset=utf-8" />
  <meta name='ocr-system' content='tesseract 3.04.00' />
  <meta name='ocr-capabilities' content='ocr_page ocr_carea ocr_par ocr_line ocrx_word'/>
</head>
<body>
  <div class='ocr_page' id='page_1' title='image "annaliuminislan00hermgoog_0094.png"; bbox 0 0 3242 5684; ppageno 0'>
   <div class='ocr_carea' id='block_1_1' title="bbox 1174 656 2721 729">
    <p class='ocr_par' dir='ltr' id='par_1_1' title="bbox 1174 656 2721 729">
     <span class='ocr_line' id='line_1_1' title="bbox 1174 656 2721 729; baseline -0.005 -9"><span class='ocrx_word' id='word_1_1' title='bbox 1174 667 1290 720; x_wconf 89' lang='lat' dir='ltr'>DE</span> <span class='ocrx_word' id='word_1_2' title='bbox 1323 667 1548 720; x_wconf 81' lang='lat' dir='ltr'><em>MIRA</em></span> <span class='ocrx_word' id='word_1_3' title='bbox 1555 666 1895 720; x_wconf 86' lang='lat' dir='ltr'><em>BILIBUS</em></span> <span class='ocrx_word' id='word_1_4' title='bbox 2642 656 2721 729; x_wconf 91' lang='lat'>69</span> 
     </span>
    </p>
   </div>
   <div class='ocr_carea' id='block_1_2' title="bbox 335 836 2717 1018">
    <p class='ocr_par' dir='ltr' id='par_1_2' title="bbox 335 836 2717 1018">
     <span class='ocr_line' id='line_1_2' title="bbox 335 836 2717 918; baseline -0.002 -19"><span class='ocrx_word' id='word_1_5' title='bbox 335 848 573 900; x_wconf 85' lang='lat' dir='ltr'>exusta</span> <span class='ocrx_word' id='word_1_6' title='bbox 632 848 828 918; x_wconf 85' lang='lat' dir='ltr'>atqve</span> <span class='ocrx_word' id='word_1_7' title='bbox 858 838 1206 911; x_wconf 88' lang='lat' dir='ltr'>salebrosa,</span> <span class='ocrx_word' id='word_1_8' title='bbox 1244 838 1456 916; x_wconf 85' lang='lat' dir='ltr'>qvalis</span> <span class='ocrx_word' id='word_1_9' title='bbox 1511 856 1689 899; x_wconf 90' lang='lat' dir='ltr'>nunc</span> <span class='ocrx_word' id='word_1_10' title='bbox 1718 839 1914 915; x_wconf 90' lang='lat' dir='ltr'>longe</span> <span class='ocrx_word' id='word_1_11' title='bbox 1972 838 2229 916; x_wconf 89' lang='lat' dir='ltr'>lateqve</span> <span class='ocrx_word' id='word_1_12' title='bbox 2287 837 2579 898; x_wconf 88' lang='lat' dir='ltr'>cernitur</span> <span class='ocrx_word' id='word_1_13' title='bbox 2636 836 2717 895; x_wconf 86' lang='lat' dir='ltr'>ad</span> 
     </span>
     <span class='ocr_line' id='line_1_3' title="bbox 337 937 2060 1018; baseline 0.001 -20"><span class='ocrx_word' id='word_1_14' title='bbox 337 939 854 1018; x_wconf 87' lang='lat' dir='ltr'>promontorium</span> <span class='ocrx_word' id='word_1_15' title='bbox 887 938 1286 1012; x_wconf 82' lang='lat' dir='ltr'>Reykianes,</span> <span class='ocrx_word' id='word_1_16' title='bbox 1325 937 1516 1015; x_wconf 86' lang='lat' dir='ltr'>cujus</span> <span class='ocrx_word' id='word_1_17' title='bbox 1545 954 1742 1015; x_wconf 88' lang='lat' dir='ltr'>supra</span> <span class='ocrx_word' id='word_1_18' title='bbox 1774 937 2060 999; x_wconf 90' lang='lat' dir='ltr'>memini.</span> 
     </span>
    </p>
   </div>
   <div class='ocr_carea' id='block_1_3' title="bbox 325 1053 2717 3616">
    <p class='ocr_par' dir='ltr' id='par_1_3' title="bbox 325 1053 2717 3616">
     <span class='ocr_line' id='line_1_4' title="bbox 418 1053 2717 1136; baseline -0.005 -12"><span class='ocrx_word' id='word_1_19' title='bbox 418 1063 803 1136; x_wconf 83' lang='lat' dir='ltr'>Capitulum</span> <span class='ocrx_word' id='word_1_20' title='bbox 860 1063 1139 1123; x_wconf 91' lang='lat' dir='ltr'>XX11X.</span> <span class='ocrx_word' id='word_1_21' title='bbox 1230 1055 1519 1116; x_wconf 89' lang='lat' dir='ltr'>Omnino</span> <span class='ocrx_word' id='word_1_22' title='bbox 1575 1054 1961 1116; x_wconf 82' lang='lat' dir='ltr'>admiranda</span> <span class='ocrx_word' id='word_1_23' title='bbox 2018 1062 2259 1126; x_wconf 87' lang='lat' dir='ltr'>statu0,</span> <span class='ocrx_word' id='word_1_24' title='bbox 2325 1073 2472 1132; x_wconf 87' lang='lat' dir='ltr'>qvae</span> <span class='ocrx_word' id='word_1_25' title='bbox 2542 1053 2717 1113; x_wconf 89' lang='lat' dir='ltr'>intra</span> 
     </span>
     <span class='ocr_line' id='line_1_5' title="bbox 335 1153 2713 1234; baseline -0.001 -18"><span class='ocrx_word' id='word_1_26' title='bbox 335 1157 657 1234; x_wconf 89' lang='lat' dir='ltr'>gremium</span> <span class='ocrx_word' id='word_1_27' title='bbox 687 1163 884 1217; x_wconf 88' lang='lat' dir='ltr'>terrae</span> <span class='ocrx_word' id='word_1_28' title='bbox 915 1164 1162 1217; x_wconf 83' lang='lat' dir='ltr'>nostrae</span> <span class='ocrx_word' id='word_1_29' title='bbox 1193 1174 1268 1216; x_wconf 88' lang='lat' dir='ltr'>ac</span> <span class='ocrx_word' id='word_1_30' title='bbox 1293 1155 1476 1234; x_wconf 87' lang='lat' dir='ltr'>qvasi</span> <span class='ocrx_word' id='word_1_31' title='bbox 1507 1155 1576 1215; x_wconf 91' lang='lat' dir='ltr'>in</span> <span class='ocrx_word' id='word_1_32' title='bbox 1630 1155 1992 1216; x_wconf 86' lang='lat' dir='ltr'>visceribus</span> <span class='ocrx_word' id='word_1_33' title='bbox 2020 1153 2166 1230; x_wconf 87' lang='lat' dir='ltr'>ejus</span> <span class='ocrx_word' id='word_1_34' title='bbox 2214 1154 2713 1232; x_wconf 89' lang='lat' dir='ltr'>deprehendun-</span> 
     </span>
     <span class='ocr_line' id='line_1_6' title="bbox 335 1253 2715 1334; baseline -0.002 -18"><span class='ocrx_word' id='word_1_35' title='bbox 335 1265 462 1329; x_wconf 87' lang='lat' dir='ltr'>tur,</span> <span class='ocrx_word' id='word_1_36' title='bbox 499 1257 580 1318; x_wconf 92' lang='lat' dir='ltr'>de</span> <span class='ocrx_word' id='word_1_37' title='bbox 610 1256 850 1334; x_wconf 91' lang='lat' dir='ltr'>qvibus</span> <span class='ocrx_word' id='word_1_38' title='bbox 878 1273 1089 1334; x_wconf 88' lang='lat' dir='ltr'>pauca</span> <span class='ocrx_word' id='word_1_39' title='bbox 1118 1275 1208 1316; x_wconf 86' lang='lat' dir='ltr'>ex</span> <span class='ocrx_word' id='word_1_40' title='bbox 1236 1255 1465 1316; x_wconf 85' lang='lat' dir='ltr'>ordine</span> <span class='ocrx_word' id='word_1_41' title='bbox 1522 1255 1637 1316; x_wconf 79' lang='lat' dir='ltr'>sed</span> <span class='ocrx_word' id='word_1_42' title='bbox 1667 1273 1821 1316; x_wconf 87' lang='lat' dir='ltr'>vera</span> <span class='ocrx_word' id='word_1_43' title='bbox 1852 1255 2093 1316; x_wconf 85' lang='lat' dir='ltr'>referre</span> <span class='ocrx_word' id='word_1_44' title='bbox 2123 1253 2428 1315; x_wconf 89' lang='lat' dir='ltr'>conabor.</span> <span class='ocrx_word' id='word_1_45' title='bbox 2508 1253 2715 1313; x_wconf 89' lang='lat' dir='ltr'>Pluri-</span> 
     </span>
     <span class='ocr_line' id='line_1_7' title="bbox 337 1353 2717 1433; baseline -0.001 -17"><span class='ocrx_word' id='word_1_46' title='bbox 337 1356 456 1417; x_wconf 88' lang='lat' dir='ltr'>mis</span> <span class='ocrx_word' id='word_1_47' title='bbox 486 1356 554 1417; x_wconf 92' lang='lat' dir='ltr'>in</span> <span class='ocrx_word' id='word_1_48' title='bbox 585 1356 766 1429; x_wconf 72' lang='lat' dir='ltr'>lociS‚</span> <span class='ocrx_word' id='word_1_49' title='bbox 806 1355 916 1417; x_wconf 89' lang='lat' dir='ltr'>ubi</span> <span class='ocrx_word' id='word_1_50' title='bbox 947 1373 1112 1416; x_wconf 81' lang='lat' dir='ltr'>saxa</span> <span class='ocrx_word' id='word_1_51' title='bbox 1142 1373 1276 1416; x_wconf 91' lang='lat' dir='ltr'>non</span> <span class='ocrx_word' id='word_1_52' title='bbox 1333 1354 1725 1432; x_wconf 87' lang='lat' dir='ltr'>impediunt,</span> <span class='ocrx_word' id='word_1_53' title='bbox 1762 1362 1991 1433; x_wconf 86' lang='lat' dir='ltr'>aperto</span> <span class='ocrx_word' id='word_1_54' title='bbox 2038 1363 2105 1416; x_wconf 83' lang='lat' dir='ltr'>et</span> <span class='ocrx_word' id='word_1_55' title='bbox 2134 1353 2337 1415; x_wconf 86' lang='lat' dir='ltr'>effoso</span> <span class='ocrx_word' id='word_1_56' title='bbox 2394 1362 2717 1415; x_wconf 89' lang='lat' dir='ltr'>terrarum</span> 
     </span>
     <span class='ocr_line' id='line_1_8' title="bbox 335 1453 2715 1534; baseline -0.001 -18"><span class='ocrx_word' id='word_1_57' title='bbox 335 1457 470 1518; x_wconf 89' lang='lat' dir='ltr'>solo</span> <span class='ocrx_word' id='word_1_58' title='bbox 500 1456 934 1517; x_wconf 88' lang='lat' dir='ltr'>inveniuntur</span> <span class='ocrx_word' id='word_1_59' title='bbox 984 1455 1197 1534; x_wconf 90' lang='lat' dir='ltr'>primo</span> <span class='ocrx_word' id='word_1_60' title='bbox 1225 1454 1478 1516; x_wconf 86' lang='lat' dir='ltr'>cineres</span> <span class='ocrx_word' id='word_1_61' title='bbox 1529 1454 1595 1514; x_wconf 95' lang='lat' dir='ltr'>in</span> <span class='ocrx_word' id='word_1_62' title='bbox 1627 1454 1900 1533; x_wconf 86' lang='lat' dir='ltr'>pulvere</span> <span class='ocrx_word' id='word_1_63' title='bbox 1951 1453 2362 1533; x_wconf 86' lang='lat' dir='ltr'>aeqvabiliter</span> <span class='ocrx_word' id='word_1_64' title='bbox 2392 1473 2467 1515; x_wconf 90' lang='lat' dir='ltr'>ac</span> <span class='ocrx_word' id='word_1_65' title='bbox 2516 1455 2715 1514; x_wconf 88' lang='lat' dir='ltr'>dense</span> 
     </span>
     <span class='ocr_line' id='line_1_9' title="bbox 335 1553 2715 1634; baseline -0.001 -19"><span class='ocrx_word' id='word_1_66' title='bbox 335 1555 630 1634; x_wconf 89' lang='lat' dir='ltr'>respersi,</span> <span class='ocrx_word' id='word_1_67' title='bbox 667 1564 742 1616; x_wconf 90' lang='lat' dir='ltr'>ut</span> <span class='ocrx_word' id='word_1_68' title='bbox 770 1554 1060 1631; x_wconf 85' lang='lat' dir='ltr'>digitum</span> <span class='ocrx_word' id='word_1_69' title='bbox 1090 1572 1296 1616; x_wconf 89' lang='lat' dir='ltr'>unum</span> <span class='ocrx_word' id='word_1_70' title='bbox 1326 1563 1391 1615; x_wconf 91' lang='lat' dir='ltr'>et</span> <span class='ocrx_word' id='word_1_71' title='bbox 1438 1556 1718 1616; x_wconf 89' lang='lat' dir='ltr'>alterum</span> <span class='ocrx_word' id='word_1_72' title='bbox 1759 1564 1873 1616; x_wconf 89' lang='lat' dir='ltr'>aut</span> <span class='ocrx_word' id='word_1_73' title='bbox 1914 1554 2051 1616; x_wconf 91' lang='lat' dir='ltr'>fere</span> <span class='ocrx_word' id='word_1_74' title='bbox 2096 1554 2381 1634; x_wconf 89' lang='lat' dir='ltr'>palmam</span> <span class='ocrx_word' id='word_1_75' title='bbox 2431 1553 2715 1615; x_wconf 88' lang='lat' dir='ltr'>efficiant</span> 
     </span>
     <span class='ocr_line' id='line_1_10' title="bbox 335 1653 2712 1734; baseline -0.001 -18"><span class='ocrx_word' id='word_1_76' title='bbox 335 1655 790 1729; x_wconf 87' lang='lat' dir='ltr'>crassitudine,</span> <span class='ocrx_word' id='word_1_77' title='bbox 826 1655 998 1734; x_wconf 89' lang='lat' dir='ltr'>qvod</span> <span class='ocrx_word' id='word_1_78' title='bbox 1053 1654 1580 1716; x_wconf 85' lang='lat' dir='ltr'>absolutissimus</span> <span class='ocrx_word' id='word_1_79' title='bbox 1623 1654 1809 1714; x_wconf 89' lang='lat' dir='ltr'>testis</span> <span class='ocrx_word' id='word_1_80' title='bbox 1858 1663 1957 1716; x_wconf 89' lang='lat' dir='ltr'>est</span> <span class='ocrx_word' id='word_1_81' title='bbox 2016 1654 2264 1733; x_wconf 90' lang='lat' dir='ltr'>alpium</span> <span class='ocrx_word' id='word_1_82' title='bbox 2308 1653 2712 1730; x_wconf 88' lang='lat' dir='ltr'>conflagran-</span> 
     </span>
     <span class='ocr_line' id='line_1_11' title="bbox 336 1753 2714 1832; baseline -0.001 -16"><span class='ocrx_word' id='word_1_83' title='bbox 336 1755 500 1816; x_wconf 91' lang='lat' dir='ltr'>tium</span> <span class='ocrx_word' id='word_1_84' title='bbox 529 1755 782 1816; x_wconf 89' lang='lat' dir='ltr'>cineres</span> <span class='ocrx_word' id='word_1_85' title='bbox 813 1755 1188 1817; x_wconf 89' lang='lat' dir='ltr'>universam</span> <span class='ocrx_word' id='word_1_86' title='bbox 1217 1773 1382 1832; x_wconf 91' lang='lat' dir='ltr'>pene</span> <span class='ocrx_word' id='word_1_87' title='bbox 1411 1755 1695 1814; x_wconf 88' lang='lat' dir='ltr'>insulam</span> <span class='ocrx_word' id='word_1_88' title='bbox 1726 1754 1884 1816; x_wconf 90' lang='lat' dir='ltr'>olim</span> <span class='ocrx_word' id='word_1_89' title='bbox 1913 1755 2269 1816; x_wconf 83' lang='lat' dir='ltr'>obtexisse.</span> <span class='ocrx_word' id='word_1_90' title='bbox 2365 1754 2617 1815; x_wconf 88' lang='lat' dir='ltr'>Deinde</span> <span class='ocrx_word' id='word_1_91' title='bbox 2646 1753 2714 1813; x_wconf 94' lang='lat' dir='ltr'>in</span> 
     </span>
     <span class='ocr_line' id='line_1_12' title="bbox 335 1853 2717 1933; baseline -0 -18"><span class='ocrx_word' id='word_1_92' title='bbox 335 1855 578 1917; x_wconf 86' lang='lat' dir='ltr'>fodinis</span> <span class='ocrx_word' id='word_1_93' title='bbox 623 1854 945 1932; x_wconf 84' lang='lat' dir='ltr'>ejusmodi</span> <span class='ocrx_word' id='word_1_94' title='bbox 977 1872 1204 1914; x_wconf 89' lang='lat' dir='ltr'>rursus</span> <span class='ocrx_word' id='word_1_95' title='bbox 1253 1853 1437 1914; x_wconf 86' lang='lat' dir='ltr'>adest</span> <span class='ocrx_word' id='word_1_96' title='bbox 1469 1863 1641 1915; x_wconf 89' lang='lat' dir='ltr'>terra</span> <span class='ocrx_word' id='word_1_97' title='bbox 1693 1854 1985 1933; x_wconf 88' lang='lat' dir='ltr'>pulveris</span> <span class='ocrx_word' id='word_1_98' title='bbox 2013 1855 2227 1916; x_wconf 88' lang='lat' dir='ltr'>colore</span> <span class='ocrx_word' id='word_1_99' title='bbox 2270 1853 2717 1933; x_wconf 88' lang='lat' dir='ltr'>superioribus</span> 
     </span>
     <span class='ocr_line' id='line_1_13' title="bbox 334 1953 2716 2034; baseline -0 -18"><span class='ocrx_word' id='word_1_100' title='bbox 334 1955 632 2034; x_wconf 82' lang='lat' dir='ltr'>partibus</span> <span class='ocrx_word' id='word_1_101' title='bbox 681 1955 934 2028; x_wconf 90' lang='lat' dir='ltr'>similis,</span> <span class='ocrx_word' id='word_1_102' title='bbox 971 1974 1119 2033; x_wconf 89' lang='lat' dir='ltr'>qvae</span> <span class='ocrx_word' id='word_1_103' title='bbox 1168 1953 1501 2029; x_wconf 86' lang='lat' dir='ltr'>lignorum</span> <span class='ocrx_word' id='word_1_104' title='bbox 1548 1954 1829 2015; x_wconf 84' lang='lat' dir='ltr'>exuvias</span> <span class='ocrx_word' id='word_1_105' title='bbox 1875 1955 2191 2027; x_wconf 89' lang='lat' dir='ltr'>continet,</span> <span class='ocrx_word' id='word_1_106' title='bbox 2228 1954 2503 2033; x_wconf 90' lang='lat' dir='ltr'>ideoqve</span> <span class='ocrx_word' id='word_1_107' title='bbox 2554 1955 2716 2015; x_wconf 89' lang='lat' dir='ltr'>adeo</span> 
     </span>
     <span class='ocr_line' id='line_1_14' title="bbox 328 2052 2717 2132; baseline -0 -15"><span class='ocrx_word' id='word_1_108' title='bbox 328 2065 428 2117; x_wconf 89' lang='lat' dir='ltr'>est</span> <span class='ocrx_word' id='word_1_109' title='bbox 461 2055 768 2129; x_wconf 86' lang='lat' dir='ltr'>ustibilis,</span> <span class='ocrx_word' id='word_1_110' title='bbox 805 2064 878 2116; x_wconf 89' lang='lat' dir='ltr'>ut</span> <span class='ocrx_word' id='word_1_111' title='bbox 911 2055 1132 2116; x_wconf 83' lang='lat' dir='ltr'>focum</span> <span class='ocrx_word' id='word_1_112' title='bbox 1162 2073 1417 2132; x_wconf 87' lang='lat' dir='ltr'>qvoqve</span> <span class='ocrx_word' id='word_1_113' title='bbox 1447 2054 1577 2114; x_wconf 88' lang='lat' dir='ltr'>alat</span> <span class='ocrx_word' id='word_1_114' title='bbox 1606 2053 2177 2115; x_wconf 86' lang='lat' dir='ltr'>sufficientissime.</span> <span class='ocrx_word' id='word_1_115' title='bbox 2268 2052 2444 2116; x_wconf 87' lang='lat' dir='ltr'>Tum</span> <span class='ocrx_word' id='word_1_116' title='bbox 2489 2071 2717 2116; x_wconf 79' lang='lat' dir='ltr'>rursus</span> 
     </span>
     <span class='ocr_line' id='line_1_15' title="bbox 333 2153 2711 2234; baseline -0.001 -18"><span class='ocrx_word' id='word_1_117' title='bbox 333 2156 457 2216; x_wconf 86' lang='lat' dir='ltr'>alia</span> <span class='ocrx_word' id='word_1_118' title='bbox 489 2156 787 2234; x_wconf 87' lang='lat' dir='ltr'>seqvitur</span> <span class='ocrx_word' id='word_1_119' title='bbox 815 2155 1108 2216; x_wconf 90' lang='lat' dir='ltr'>cinerum</span> <span class='ocrx_word' id='word_1_120' title='bbox 1139 2154 1348 2233; x_wconf 84' lang='lat' dir='ltr'>copia,</span> <span class='ocrx_word' id='word_1_121' title='bbox 1376 2153 1661 2232; x_wconf 86' lang='lat' dir='ltr'>palmam</span> <span class='ocrx_word' id='word_1_122' title='bbox 1694 2154 1829 2215; x_wconf 82' lang='lat' dir='ltr'>fere</span> <span class='ocrx_word' id='word_1_123' title='bbox 1851 2154 2199 2227; x_wconf 77' lang='lat' dir='ltr'>excedenS‚</span> <span class='ocrx_word' id='word_1_124' title='bbox 2228 2154 2427 2214; x_wconf 90' lang='lat' dir='ltr'>etiam</span> <span class='ocrx_word' id='word_1_125' title='bbox 2452 2154 2711 2230; x_wconf 90' lang='lat' dir='ltr'>grandi-</span> 
     </span>
     <span class='ocr_line' id='line_1_16' title="bbox 335 2254 2702 2333; baseline -0.001 -17"><span class='ocrx_word' id='word_1_126' title='bbox 335 2256 710 2317; x_wconf 89' lang='lat' dir='ltr'>usculorum</span> <span class='ocrx_word' id='word_1_127' title='bbox 767 2255 1101 2332; x_wconf 88' lang='lat' dir='ltr'>lignorum</span> <span class='ocrx_word' id='word_1_128' title='bbox 1158 2254 1341 2333; x_wconf 89' lang='lat' dir='ltr'>qvasi</span> <span class='ocrx_word' id='word_1_129' title='bbox 1401 2262 1739 2330; x_wconf 89' lang='lat' dir='ltr'>segmenta</span> <span class='ocrx_word' id='word_1_130' title='bbox 1796 2255 2097 2333; x_wconf 88' lang='lat' dir='ltr'>qvaedam</span> <span class='ocrx_word' id='word_1_131' title='bbox 2154 2272 2293 2332; x_wconf 88' lang='lat' dir='ltr'>prae</span> <span class='ocrx_word' id='word_1_132' title='bbox 2350 2272 2419 2315; x_wconf 91' lang='lat' dir='ltr'>se</span> <span class='ocrx_word' id='word_1_133' title='bbox 2466 2254 2702 2328; x_wconf 74' lang='lat' dir='ltr'>ferenS,</span> 
     </span>
     <span class='ocr_line' id='line_1_17' title="bbox 335 2354 2709 2433; baseline -0.001 -17"><span class='ocrx_word' id='word_1_134' title='bbox 335 2356 543 2433; x_wconf 89' lang='lat' dir='ltr'>magis</span> <span class='ocrx_word' id='word_1_135' title='bbox 571 2356 789 2416; x_wconf 91' lang='lat' dir='ltr'>adhuc</span> <span class='ocrx_word' id='word_1_136' title='bbox 820 2355 984 2416; x_wconf 86' lang='lat' dir='ltr'>focis</span> <span class='ocrx_word' id='word_1_137' title='bbox 1014 2363 1186 2433; x_wconf 86' lang='lat' dir='ltr'>apta,</span> <span class='ocrx_word' id='word_1_138' title='bbox 1225 2363 1289 2416; x_wconf 91' lang='lat' dir='ltr'>et</span> <span class='ocrx_word' id='word_1_139' title='bbox 1319 2355 1560 2415; x_wconf 89' lang='lat' dir='ltr'>iterum</span> <span class='ocrx_word' id='word_1_140' title='bbox 1589 2362 1736 2432; x_wconf 90' lang='lat' dir='ltr'>post</span> <span class='ocrx_word' id='word_1_141' title='bbox 1768 2362 2009 2415; x_wconf 89' lang='lat' dir='ltr'>terram</span> <span class='ocrx_word' id='word_1_142' title='bbox 2052 2354 2251 2415; x_wconf 85' lang='lat' dir='ltr'>simili</span> <span class='ocrx_word' id='word_1_143' title='bbox 2284 2354 2473 2430; x_wconf 87' lang='lat' dir='ltr'>gleba</span> <span class='ocrx_word' id='word_1_144' title='bbox 2517 2373 2709 2430; x_wconf 92' lang='lat' dir='ltr'>coag-</span> 
     </span>
     <span class='ocr_line' id='line_1_18' title="bbox 337 2454 2711 2532; baseline -0.001 -15"><span class='ocrx_word' id='word_1_145' title='bbox 337 2464 625 2517; x_wconf 86' lang='lat' dir='ltr'>mentata</span> <span class='ocrx_word' id='word_1_146' title='bbox 652 2479 665 2530; x_wconf 88' lang='lat'>;</span> <span class='ocrx_word' id='word_1_147' title='bbox 701 2455 898 2516; x_wconf 91' lang='lat' dir='ltr'>tertio</span> <span class='ocrx_word' id='word_1_148' title='bbox 921 2456 1172 2516; x_wconf 90' lang='lat' dir='ltr'>cineres</span> <span class='ocrx_word' id='word_1_149' title='bbox 1193 2454 1544 2532; x_wconf 82' lang='lat' dir='ltr'>pullulant,</span> <span class='ocrx_word' id='word_1_150' title='bbox 1574 2455 1925 2532; x_wconf 88' lang='lat' dir='ltr'>spitamam</span> <span class='ocrx_word' id='word_1_151' title='bbox 1948 2463 2062 2515; x_wconf 89' lang='lat' dir='ltr'>aut</span> <span class='ocrx_word' id='word_1_152' title='bbox 2082 2455 2510 2532; x_wconf 90' lang='lat' dir='ltr'>qvadrantem</span> <span class='ocrx_word' id='word_1_153' title='bbox 2532 2454 2711 2515; x_wconf 87' lang='lat' dir='ltr'>ulnae</span> 
     </span>
     <span class='ocr_line' id='line_1_19' title="bbox 332 2552 2712 2633; baseline -0 -18"><span class='ocrx_word' id='word_1_154' title='bbox 332 2555 805 2617; x_wconf 89' lang='lat' dir='ltr'>dimensionem</span> <span class='ocrx_word' id='word_1_155' title='bbox 863 2554 1170 2628; x_wconf 78' lang='lat' dir='ltr'>efficienS,</span> <span class='ocrx_word' id='word_1_156' title='bbox 1207 2563 1273 2615; x_wconf 90' lang='lat' dir='ltr'>et</span> <span class='ocrx_word' id='word_1_157' title='bbox 1330 2563 1480 2633; x_wconf 91' lang='lat' dir='ltr'>post</span> <span class='ocrx_word' id='word_1_158' title='bbox 1508 2555 1697 2615; x_wconf 91' lang='lat' dir='ltr'>illum</span> <span class='ocrx_word' id='word_1_159' title='bbox 1754 2554 1955 2616; x_wconf 88' lang='lat' dir='ltr'>etiam</span> <span class='ocrx_word' id='word_1_160' title='bbox 1998 2552 2324 2632; x_wconf 83' lang='lat' dir='ltr'>majorum</span> <span class='ocrx_word' id='word_1_161' title='bbox 2379 2554 2712 2631; x_wconf 88' lang='lat' dir='ltr'>lignorum</span> 
     </span>
     <span class='ocr_line' id='line_1_20' title="bbox 335 2654 2706 2734; baseline -0 -17"><span class='ocrx_word' id='word_1_162' title='bbox 335 2656 610 2734; x_wconf 89' lang='lat' dir='ltr'>vestigia</span> <span class='ocrx_word' id='word_1_163' title='bbox 641 2663 899 2727; x_wconf 83' lang='lat' dir='ltr'>extant,</span> <span class='ocrx_word' id='word_1_164' title='bbox 934 2675 1022 2715; x_wconf 75' lang='lat' dir='ltr'>ex</span> <span class='ocrx_word' id='word_1_165' title='bbox 1051 2654 1288 2733; x_wconf 90' lang='lat' dir='ltr'>qvibus</span> <span class='ocrx_word' id='word_1_166' title='bbox 1319 2654 1628 2715; x_wconf 86' lang='lat' dir='ltr'>utensilia</span> <span class='ocrx_word' id='word_1_167' title='bbox 1658 2654 2027 2716; x_wconf 90' lang='lat' dir='ltr'>minuscula</span> <span class='ocrx_word' id='word_1_168' title='bbox 2058 2655 2364 2717; x_wconf 83' lang='lat' dir='ltr'>fabricari</span> <span class='ocrx_word' id='word_1_169' title='bbox 2408 2663 2706 2733; x_wconf 89' lang='lat' dir='ltr'>possunt,</span> 
     </span>
     <span class='ocr_line' id='line_1_21' title="bbox 334 2754 2713 2835; baseline -0.001 -19"><span class='ocrx_word' id='word_1_170' title='bbox 334 2774 482 2816; x_wconf 91' lang='lat' dir='ltr'>nam</span> <span class='ocrx_word' id='word_1_171' title='bbox 511 2756 859 2835; x_wconf 89' lang='lat' dir='ltr'>putredine</span> <span class='ocrx_word' id='word_1_172' title='bbox 890 2755 1108 2815; x_wconf 90' lang='lat' dir='ltr'>adhuc</span> <span class='ocrx_word' id='word_1_173' title='bbox 1138 2773 1270 2815; x_wconf 91' lang='lat' dir='ltr'>non</span> <span class='ocrx_word' id='word_1_174' title='bbox 1303 2754 1573 2815; x_wconf 80' lang='lat' dir='ltr'>fuerunt</span> <span class='ocrx_word' id='word_1_175' title='bbox 1618 2754 1883 2832; x_wconf 89' lang='lat' dir='ltr'>penitus</span> <span class='ocrx_word' id='word_1_176' title='bbox 1926 2755 2256 2829; x_wconf 83' lang='lat' dir='ltr'>obnoxia3</span> <span class='ocrx_word' id='word_1_177' title='bbox 2304 2775 2451 2834; x_wconf 90' lang='lat' dir='ltr'>qvae</span> <span class='ocrx_word' id='word_1_178' title='bbox 2494 2756 2713 2817; x_wconf 86' lang='lat' dir='ltr'>omnia</span> 
     </span>
     <span class='ocr_line' id='line_1_22' title="bbox 332 2854 2709 2933; baseline 0 -18"><span class='ocrx_word' id='word_1_179' title='bbox 332 2863 720 2933; x_wconf 90' lang='lat' dir='ltr'>argumento</span> <span class='ocrx_word' id='word_1_180' title='bbox 777 2863 931 2916; x_wconf 89' lang='lat' dir='ltr'>sunt</span> <span class='ocrx_word' id='word_1_181' title='bbox 991 2854 1240 2932; x_wconf 86' lang='lat' dir='ltr'>alpium</span> <span class='ocrx_word' id='word_1_182' title='bbox 1298 2854 1551 2915; x_wconf 91' lang='lat' dir='ltr'>cineres</span> <span class='ocrx_word' id='word_1_183' title='bbox 1607 2863 1852 2914; x_wconf 89' lang='lat' dir='ltr'>terram</span> <span class='ocrx_word' id='word_1_184' title='bbox 1912 2855 2081 2916; x_wconf 90' lang='lat' dir='ltr'>hanc</span> <span class='ocrx_word' id='word_1_185' title='bbox 2132 2855 2329 2916; x_wconf 91' lang='lat' dir='ltr'>toties</span> <span class='ocrx_word' id='word_1_186' title='bbox 2378 2864 2709 2929; x_wconf 88' lang='lat' dir='ltr'>vastasse;</span> 
     </span>
     <span class='ocr_line' id='line_1_23' title="bbox 333 2954 2704 3034; baseline -0.001 -18"><span class='ocrx_word' id='word_1_187' title='bbox 333 2975 540 3034; x_wconf 90' lang='lat' dir='ltr'>neqve</span> <span class='ocrx_word' id='word_1_188' title='bbox 583 2955 824 3016; x_wconf 88' lang='lat' dir='ltr'>desunt</span> <span class='ocrx_word' id='word_1_189' title='bbox 872 2954 998 3014; x_wconf 90' lang='lat' dir='ltr'>alia</span> <span class='ocrx_word' id='word_1_190' title='bbox 1030 2955 1330 3033; x_wconf 88' lang='lat' dir='ltr'>qvaedam</span> <span class='ocrx_word' id='word_1_191' title='bbox 1379 2954 1777 3026; x_wconf 88' lang='lat' dir='ltr'>testimonia,</span> <span class='ocrx_word' id='word_1_192' title='bbox 1816 2954 2181 3015; x_wconf 88' lang='lat' dir='ltr'>visceribus</span> <span class='ocrx_word' id='word_1_193' title='bbox 2209 2955 2331 3015; x_wconf 89' lang='lat' dir='ltr'>soli</span> <span class='ocrx_word' id='word_1_194' title='bbox 2376 2956 2704 3026; x_wconf 87' lang='lat' dir='ltr'>conclusa,</span> 
     </span>
     <span class='ocr_line' id='line_1_24' title="bbox 332 3053 2710 3134; baseline -0.002 -16"><span class='ocrx_word' id='word_1_195' title='bbox 332 3065 402 3118; x_wconf 90' lang='lat' dir='ltr'>ut</span> <span class='ocrx_word' id='word_1_196' title='bbox 490 3055 969 3134; x_wconf 88' lang='lat' dir='ltr'>suppellectilia</span> <span class='ocrx_word' id='word_1_197' title='bbox 1055 3053 1286 3126; x_wconf 79' lang='lat' dir='ltr'>ferrea,</span> <span class='ocrx_word' id='word_1_198' title='bbox 1352 3062 1647 3124; x_wconf 86' lang='lat' dir='ltr'>stannea,</span> <span class='ocrx_word' id='word_1_199' title='bbox 1705 3054 2029 3131; x_wconf 89' lang='lat' dir='ltr'>plumbea,</span> <span class='ocrx_word' id='word_1_200' title='bbox 2096 3073 2265 3114; x_wconf 90' lang='lat' dir='ltr'>aerea</span> <span class='ocrx_word' id='word_1_201' title='bbox 2350 3055 2710 3114; x_wconf 89' lang='lat' dir='ltr'>etiamnum</span> 
     </span>
     <span class='ocr_line' id='line_1_25' title="bbox 329 3152 2711 3233; baseline -0.001 -17"><span class='ocrx_word' id='word_1_202' title='bbox 329 3156 608 3233; x_wconf 87' lang='lat' dir='ltr'>integra,</span> <span class='ocrx_word' id='word_1_203' title='bbox 645 3173 924 3232; x_wconf 88' lang='lat' dir='ltr'>qvorum</span> <span class='ocrx_word' id='word_1_204' title='bbox 967 3153 1451 3215; x_wconf 90' lang='lat' dir='ltr'>inhabitatione</span> <span class='ocrx_word' id='word_1_205' title='bbox 1493 3154 1650 3214; x_wconf 91' lang='lat' dir='ltr'>olim</span> <span class='ocrx_word' id='word_1_206' title='bbox 1696 3153 2093 3225; x_wconf 86' lang='lat' dir='ltr'>ususfuerat‚</span> <span class='ocrx_word' id='word_1_207' title='bbox 2143 3152 2306 3213; x_wconf 91' lang='lat' dir='ltr'>illud</span> <span class='ocrx_word' id='word_1_208' title='bbox 2352 3154 2711 3214; x_wconf 89' lang='lat' dir='ltr'>identidem</span> 
     </span>
     <span class='ocr_line' id='line_1_26' title="bbox 331 3253 2706 3332; baseline -0.001 -14"><span class='ocrx_word' id='word_1_209' title='bbox 331 3254 792 3332; x_wconf 89' lang='lat' dir='ltr'>consignantia</span> <span class='ocrx_word' id='word_1_210' title='bbox 849 3262 1093 3332; x_wconf 88' lang='lat' dir='ltr'>praeter</span> <span class='ocrx_word' id='word_1_211' title='bbox 1151 3272 1246 3326; x_wconf 89' lang='lat' dir='ltr'>ea,</span> <span class='ocrx_word' id='word_1_212' title='bbox 1285 3273 1434 3331; x_wconf 87' lang='lat' dir='ltr'>qvae</span> <span class='ocrx_word' id='word_1_213' title='bbox 1492 3253 1775 3330; x_wconf 86' lang='lat' dir='ltr'>majores</span> <span class='ocrx_word' id='word_1_214' title='bbox 1832 3253 1899 3312; x_wconf 89' lang='lat' dir='ltr'>in</span> <span class='ocrx_word' id='word_1_215' title='bbox 1944 3253 2219 3314; x_wconf 90' lang='lat' dir='ltr'>tumulis</span> <span class='ocrx_word' id='word_1_216' title='bbox 2262 3254 2398 3314; x_wconf 90' lang='lat' dir='ltr'>suis</span> <span class='ocrx_word' id='word_1_217' title='bbox 2449 3273 2706 3332; x_wconf 91' lang='lat' dir='ltr'>qvoqve</span> 
     </span>
     <span class='ocr_line' id='line_1_27' title="bbox 330 3353 2712 3433; baseline -0.001 -17"><span class='ocrx_word' id='word_1_218' title='bbox 330 3362 766 3428; x_wconf 85' lang='lat' dir='ltr'>asservarant,</span> <span class='ocrx_word' id='word_1_219' title='bbox 795 3354 1076 3433; x_wconf 87' lang='lat' dir='ltr'>posteris</span> <span class='ocrx_word' id='word_1_220' title='bbox 1097 3353 1235 3414; x_wconf 88' lang='lat' dir='ltr'>suis</span> <span class='ocrx_word' id='word_1_221' title='bbox 1258 3353 1562 3426; x_wconf 90' lang='lat' dir='ltr'>inviduli‚</span> <span class='ocrx_word' id='word_1_222' title='bbox 1595 3361 1669 3414; x_wconf 94' lang='lat' dir='ltr'>ut</span> <span class='ocrx_word' id='word_1_223' title='bbox 1688 3354 1813 3431; x_wconf 88' lang='lat' dir='ltr'>ipsi</span> <span class='ocrx_word' id='word_1_224' title='bbox 1846 3373 2099 3432; x_wconf 90' lang='lat' dir='ltr'>qvoqve</span> <span class='ocrx_word' id='word_1_225' title='bbox 2130 3353 2257 3413; x_wconf 90' lang='lat' dir='ltr'>alia</span> <span class='ocrx_word' id='word_1_226' title='bbox 2276 3353 2421 3430; x_wconf 86' lang='lat' dir='ltr'>ejus</span> <span class='ocrx_word' id='word_1_227' title='bbox 2452 3355 2712 3430; x_wconf 90' lang='lat' dir='ltr'>generis</span> 
     </span>
     <span class='ocr_line' id='line_1_28' title="bbox 325 3453 2708 3532; baseline -0 -17"><span class='ocrx_word' id='word_1_228' title='bbox 325 3456 546 3517; x_wconf 88' lang='lat' dir='ltr'>labore</span> <span class='ocrx_word' id='word_1_229' title='bbox 591 3453 856 3532; x_wconf 90' lang='lat' dir='ltr'>proprio</span> <span class='ocrx_word' id='word_1_230' title='bbox 886 3454 1362 3532; x_wconf 88' lang='lat' dir='ltr'>conqvirerent,</span> <span class='ocrx_word' id='word_1_231' title='bbox 1401 3472 1483 3514; x_wconf 91' lang='lat' dir='ltr'>ne</span> <span class='ocrx_word' id='word_1_232' title='bbox 1536 3453 1738 3514; x_wconf 83' lang='lat' dir='ltr'>vitam</span> <span class='ocrx_word' id='word_1_233' title='bbox 1768 3454 2058 3530; x_wconf 88' lang='lat' dir='ltr'>segniter</span> <span class='ocrx_word' id='word_1_234' title='bbox 2099 3461 2294 3531; x_wconf 87' lang='lat' dir='ltr'>atqve</span> <span class='ocrx_word' id='word_1_235' title='bbox 2322 3454 2529 3514; x_wconf 90' lang='lat' dir='ltr'>otiose</span> <span class='ocrx_word' id='word_1_236' title='bbox 2559 3473 2708 3515; x_wconf 91' lang='lat' dir='ltr'>con·</span> 
     </span>
     <span class='ocr_line' id='line_1_29' title="bbox 328 3551 2205 3616; baseline -0.001 0"><span class='ocrx_word' id='word_1_237' title='bbox 328 3563 749 3616; x_wconf 89' lang='lat' dir='ltr'>summerent.</span> <span class='ocrx_word' id='word_1_238' title='bbox 841 3551 1134 3615; x_wconf 89' lang='lat' dir='ltr'>Tantum</span> <span class='ocrx_word' id='word_1_239' title='bbox 1164 3555 1232 3614; x_wconf 92' lang='lat' dir='ltr'>in</span> <span class='ocrx_word' id='word_1_240' title='bbox 1264 3554 1394 3615; x_wconf 89' lang='lat' dir='ltr'>illis</span> <span class='ocrx_word' id='word_1_241' title='bbox 1424 3554 1553 3615; x_wconf 81' lang='lat' dir='ltr'>fuit</span> <span class='ocrx_word' id='word_1_242' title='bbox 1583 3553 1853 3615; x_wconf 88' lang='lat' dir='ltr'>virtutis</span> <span class='ocrx_word' id='word_1_243' title='bbox 1890 3553 2205 3615; x_wconf 91' lang='lat' dir='ltr'>studium.</span> 
     </span>
    </p>
   </div>
   <div class='ocr_carea' id='block_1_4' title="bbox 317 3672 2711 4746">
    <p class='ocr_par' dir='ltr' id='par_1_4' title="bbox 317 3672 2711 4746">
     <span class='ocr_line' id='line_1_30' title="bbox 411 3672 2707 3752; baseline -0.003 -13"><span class='ocrx_word' id='word_1_244' title='bbox 411 3679 793 3752; x_wconf 87' lang='lat' dir='ltr'>Capitulum</span> <span class='ocrx_word' id='word_1_245' title='bbox 816 3679 1058 3739; x_wconf 85' lang='lat' dir='ltr'>XXIX.</span> <span class='ocrx_word' id='word_1_246' title='bbox 1151 3672 1421 3732; x_wconf 89' lang='lat' dir='ltr'>Metalla</span> <span class='ocrx_word' id='word_1_247' title='bbox 1452 3679 1841 3749; x_wconf 88' lang='lat' dir='ltr'>seqvuntur.</span> <span class='ocrx_word' id='word_1_248' title='bbox 1936 3673 2186 3732; x_wconf 90' lang='lat' dir='ltr'>Praeter</span> <span class='ocrx_word' id='word_1_249' title='bbox 2215 3672 2557 3732; x_wconf 89' lang='lat' dir='ltr'>materiam</span> <span class='ocrx_word' id='word_1_250' title='bbox 2576 3675 2707 3734; x_wconf 91' lang='lat' dir='ltr'>sul-</span> 
     </span>
     <span class='ocr_line' id='line_1_31' title="bbox 329 3771 2710 3851; baseline 0 -18"><span class='ocrx_word' id='word_1_251' title='bbox 329 3775 668 3851; x_wconf 89' lang='lat' dir='ltr'>phuream,</span> <span class='ocrx_word' id='word_1_252' title='bbox 707 3771 880 3832; x_wconf 87' lang='lat' dir='ltr'>vitro</span> <span class='ocrx_word' id='word_1_253' title='bbox 936 3790 1012 3832; x_wconf 89' lang='lat' dir='ltr'>ac</span> <span class='ocrx_word' id='word_1_254' title='bbox 1041 3771 1367 3832; x_wconf 89' lang='lat' dir='ltr'>bitumine</span> <span class='ocrx_word' id='word_1_255' title='bbox 1425 3771 1819 3848; x_wconf 90' lang='lat' dir='ltr'>qvibusdam</span> <span class='ocrx_word' id='word_1_256' title='bbox 1876 3771 2037 3832; x_wconf 86' lang='lat' dir='ltr'>locis</span> <span class='ocrx_word' id='word_1_257' title='bbox 2095 3772 2423 3845; x_wconf 84' lang='lat' dir='ltr'>refertam,</span> <span class='ocrx_word' id='word_1_258' title='bbox 2464 3773 2710 3834; x_wconf 81' lang='lat' dir='ltr'>ferrum</span> 
     </span>
     <span class='ocr_line' id='line_1_32' title="bbox 329 3870 2711 3952; baseline 0 -18"><span class='ocrx_word' id='word_1_259' title='bbox 329 3892 583 3952; x_wconf 90' lang='lat' dir='ltr'>qvoqve</span> <span class='ocrx_word' id='word_1_260' title='bbox 612 3891 699 3932; x_wconf 83' lang='lat' dir='ltr'>ex</span> <span class='ocrx_word' id='word_1_261' title='bbox 732 3870 976 3933; x_wconf 82' lang='lat' dir='ltr'>fodinis</span> <span class='ocrx_word' id='word_1_262' title='bbox 997 3871 1135 3932; x_wconf 89' lang='lat' dir='ltr'>suis</span> <span class='ocrx_word' id='word_1_263' title='bbox 1159 3871 1602 3949; x_wconf 89' lang='lat' dir='ltr'>conqvisitum</span> <span class='ocrx_word' id='word_1_264' title='bbox 1629 3871 1881 3949; x_wconf 89' lang='lat' dir='ltr'>antiqvi</span> <span class='ocrx_word' id='word_1_265' title='bbox 1904 3881 2331 3949; x_wconf 84' lang='lat' dir='ltr'>usurparunt,</span> <span class='ocrx_word' id='word_1_266' title='bbox 2355 3873 2476 3933; x_wconf 84' lang='lat' dir='ltr'>vix</span> <span class='ocrx_word' id='word_1_267' title='bbox 2492 3882 2711 3935; x_wconf 90' lang='lat' dir='ltr'>tamen</span> 
     </span>
     <span class='ocr_line' id='line_1_33' title="bbox 329 3971 2702 4052; baseline 0.001 -20"><span class='ocrx_word' id='word_1_268' title='bbox 329 3974 570 4052; x_wconf 86' lang='lat' dir='ltr'>absqve</span> <span class='ocrx_word' id='word_1_269' title='bbox 601 3971 940 4032; x_wconf 81' lang='lat' dir='ltr'>miraculo,</span> <span class='ocrx_word' id='word_1_270' title='bbox 1035 3971 1389 4031; x_wconf 85' lang='lat' dir='ltr'>Referente</span> <span class='ocrx_word' id='word_1_271' title='bbox 1420 3971 1645 4047; x_wconf 89' lang='lat' dir='ltr'>vulg0,</span> <span class='ocrx_word' id='word_1_272' title='bbox 1682 3971 1941 4048; x_wconf 87' lang='lat' dir='ltr'>qvoties</span> <span class='ocrx_word' id='word_1_273' title='bbox 1970 3971 2037 4030; x_wconf 91' lang='lat' dir='ltr'>id</span> <span class='ocrx_word' id='word_1_274' title='bbox 2066 3980 2400 4033; x_wconf 88' lang='lat' dir='ltr'>tentarant</span> <span class='ocrx_word' id='word_1_275' title='bbox 2446 3973 2702 4048; x_wconf 87' lang='lat' dir='ltr'>incolae,</span> 
     </span>
     <span class='ocr_line' id='line_1_34' title="bbox 329 4070 2711 4148; baseline 0 -16"><span class='ocrx_word' id='word_1_276' title='bbox 329 4072 693 4134; x_wconf 89' lang='lat' dir='ltr'>visionibus</span> <span class='ocrx_word' id='word_1_277' title='bbox 752 4070 1138 4132; x_wconf 89' lang='lat' dir='ltr'>monstrosis</span> <span class='ocrx_word' id='word_1_278' title='bbox 1181 4070 1264 4131; x_wconf 86' lang='lat' dir='ltr'>ab</span> <span class='ocrx_word' id='word_1_279' title='bbox 1321 4089 1515 4148; x_wconf 89' lang='lat' dir='ltr'>opere</span> <span class='ocrx_word' id='word_1_280' title='bbox 1573 4070 1943 4143; x_wconf 89' lang='lat' dir='ltr'>deterritos,</span> <span class='ocrx_word' id='word_1_281' title='bbox 1982 4071 2109 4131; x_wconf 88' lang='lat' dir='ltr'>nisi</span> <span class='ocrx_word' id='word_1_282' title='bbox 2167 4071 2330 4131; x_wconf 90' lang='lat' dir='ltr'>adeo</span> <span class='ocrx_word' id='word_1_283' title='bbox 2387 4072 2711 4133; x_wconf 87' lang='lat' dir='ltr'>instanter</span> 
     </span>
     <span class='ocr_line' id='line_1_35' title="bbox 331 4169 2708 4250; baseline -0 -17"><span class='ocrx_word' id='word_1_284' title='bbox 331 4180 662 4250; x_wconf 89' lang='lat' dir='ltr'>urgerent,</span> <span class='ocrx_word' id='word_1_285' title='bbox 715 4179 788 4232; x_wconf 89' lang='lat' dir='ltr'>ut</span> <span class='ocrx_word' id='word_1_286' title='bbox 834 4189 1157 4249; x_wconf 90' lang='lat' dir='ltr'>nusqvam</span> <span class='ocrx_word' id='word_1_287' title='bbox 1201 4189 1238 4230; x_wconf 89' lang='lat' dir='ltr'>a</span> <span class='ocrx_word' id='word_1_288' title='bbox 1282 4171 1504 4232; x_wconf 89' lang='lat' dir='ltr'>labore</span> <span class='ocrx_word' id='word_1_289' title='bbox 1547 4171 1773 4231; x_wconf 90' lang='lat' dir='ltr'>oculos</span> <span class='ocrx_word' id='word_1_290' title='bbox 1814 4169 2280 4242; x_wconf 88' lang='lat' dir='ltr'>deflecterent;</span> <span class='ocrx_word' id='word_1_291' title='bbox 2330 4171 2491 4231; x_wconf 87' lang='lat' dir='ltr'>alias</span> <span class='ocrx_word' id='word_1_292' title='bbox 2534 4172 2708 4232; x_wconf 89' lang='lat' dir='ltr'>enim</span> 
     </span>
     <span class='ocr_line' id='line_1_36' title="bbox 317 4267 2703 4350; baseline -0 -16"><span class='ocrx_word' id='word_1_293' title='bbox 317 4272 593 4350; x_wconf 82' lang='lat' dir='ltr'>tuguria</span> <span class='ocrx_word' id='word_1_294' title='bbox 623 4289 743 4332; x_wconf 90' lang='lat' dir='ltr'>sua</span> <span class='ocrx_word' id='word_1_295' title='bbox 799 4270 907 4332; x_wconf 90' lang='lat' dir='ltr'>vel</span> <span class='ocrx_word' id='word_1_296' title='bbox 935 4271 1298 4350; x_wconf 90' lang='lat' dir='ltr'>propinqva</span> <span class='ocrx_word' id='word_1_297' title='bbox 1359 4271 1663 4348; x_wconf 88' lang='lat' dir='ltr'>qvaedam</span> <span class='ocrx_word' id='word_1_298' title='bbox 1693 4270 1835 4330; x_wconf 91' lang='lat' dir='ltr'>loca</span> <span class='ocrx_word' id='word_1_299' title='bbox 1893 4267 2295 4344; x_wconf 88' lang='lat' dir='ltr'>conflagrare</span> <span class='ocrx_word' id='word_1_300' title='bbox 2325 4271 2467 4330; x_wconf 87' lang='lat' dir='ltr'>visa</span> <span class='ocrx_word' id='word_1_301' title='bbox 2524 4281 2703 4346; x_wconf 88' lang='lat' dir='ltr'>sunt,</span> 
     </span>
     <span class='ocr_line' id='line_1_37' title="bbox 329 4368 2706 4450; baseline 0 -17"><span class='ocrx_word' id='word_1_302' title='bbox 329 4371 498 4450; x_wconf 91' lang='lat' dir='ltr'>qvod</span> <span class='ocrx_word' id='word_1_303' title='bbox 551 4373 606 4431; x_wconf 93' lang='lat' dir='ltr'>si</span> <span class='ocrx_word' id='word_1_304' title='bbox 659 4371 743 4432; x_wconf 89' lang='lat' dir='ltr'>ab</span> <span class='ocrx_word' id='word_1_305' title='bbox 788 4388 984 4449; x_wconf 89' lang='lat' dir='ltr'>opere</span> <span class='ocrx_word' id='word_1_306' title='bbox 1014 4370 1422 4432; x_wconf 88' lang='lat' dir='ltr'>destitissent</span> <span class='ocrx_word' id='word_1_307' title='bbox 1453 4370 1676 4447; x_wconf 88' lang='lat' dir='ltr'>ignem</span> <span class='ocrx_word' id='word_1_308' title='bbox 1706 4385 2053 4430; x_wconf 89' lang='lat' dir='ltr'>accensum</span> <span class='ocrx_word' id='word_1_309' title='bbox 2103 4368 2490 4444; x_wconf 62' lang='lat' dir='ltr'>exstincturi,</span> <span class='ocrx_word' id='word_1_310' title='bbox 2529 4382 2706 4433; x_wconf 91' lang='lat' dir='ltr'>ante·</span> 
     </span>
     <span class='ocr_line' id='line_1_38' title="bbox 326 4467 2710 4550; baseline 0 -17"><span class='ocrx_word' id='word_1_311' title='bbox 326 4491 518 4550; x_wconf 87' lang='lat' dir='ltr'>qvam</span> <span class='ocrx_word' id='word_1_312' title='bbox 550 4479 759 4532; x_wconf 90' lang='lat' dir='ltr'>totam</span> <span class='ocrx_word' id='word_1_313' title='bbox 819 4488 1099 4532; x_wconf 88' lang='lat' dir='ltr'>massam</span> <span class='ocrx_word' id='word_1_314' title='bbox 1131 4470 1375 4532; x_wconf 81' lang='lat' dir='ltr'>fodinis</span> <span class='ocrx_word' id='word_1_315' title='bbox 1432 4469 1920 4541; x_wconf 86' lang='lat' dir='ltr'>extractissent,</span> <span class='ocrx_word' id='word_1_316' title='bbox 1960 4467 2310 4530; x_wconf 88' lang='lat' dir='ltr'>redeuntes</span> <span class='ocrx_word' id='word_1_317' title='bbox 2342 4469 2508 4531; x_wconf 88' lang='lat' dir='ltr'>nihil</span> <span class='ocrx_word' id='word_1_318' title='bbox 2565 4472 2710 4549; x_wconf 88' lang='lat' dir='ltr'>ejus</span> 
     </span>
     <span class='ocr_line' id='line_1_39' title="bbox 325 4568 2710 4648; baseline 0.002 -18"><span class='ocrx_word' id='word_1_319' title='bbox 325 4572 653 4633; x_wconf 89' lang='lat' dir='ltr'>invenisse</span> <span class='ocrx_word' id='word_1_320' title='bbox 682 4570 1136 4648; x_wconf 88' lang='lat' dir='ltr'>perhibentur,</span> <span class='ocrx_word' id='word_1_321' title='bbox 1175 4569 1349 4631; x_wconf 88' lang='lat' dir='ltr'>unde</span> <span class='ocrx_word' id='word_1_322' title='bbox 1379 4568 1813 4629; x_wconf 83' lang='lat' dir='ltr'>raudawedur</span> <span class='ocrx_word' id='word_1_323' title='bbox 1837 4575 1990 4628; x_wconf 89' lang='lat' dir='ltr'>nata</span> <span class='ocrx_word' id='word_1_324' title='bbox 2020 4577 2085 4628; x_wconf 91' lang='lat' dir='ltr'>et</span> <span class='ocrx_word' id='word_1_325' title='bbox 2116 4569 2462 4646; x_wconf 87' lang='lat' dir='ltr'>appellata,</span> <span class='ocrx_word' id='word_1_326' title='bbox 2500 4571 2566 4632; x_wconf 90' lang='lat' dir='ltr'>id</span> <span class='ocrx_word' id='word_1_327' title='bbox 2612 4583 2710 4634; x_wconf 92' lang='lat' dir='ltr'>est</span> 
     </span>
     <span class='ocr_line' id='line_1_40' title="bbox 323 4666 2707 4746; baseline 0 -14"><span class='ocrx_word' id='word_1_328' title='bbox 323 4671 639 4732; x_wconf 89' lang='lat' dir='ltr'>miracula</span> <span class='ocrx_word' id='word_1_329' title='bbox 672 4669 828 4731; x_wconf 82' lang='lat' dir='ltr'>ferri</span> <span class='ocrx_word' id='word_1_330' title='bbox 858 4670 998 4731; x_wconf 87' lang='lat' dir='ltr'>sive</span> <span class='ocrx_word' id='word_1_331' title='bbox 1029 4670 1296 4731; x_wconf 87' lang='lat' dir='ltr'>metalli.</span> <span class='ocrx_word' id='word_1_332' title='bbox 1389 4666 1551 4730; x_wconf 87' lang='lat' dir='ltr'>Tale</span> <span class='ocrx_word' id='word_1_333' title='bbox 1580 4687 1860 4746; x_wconf 88' lang='lat' dir='ltr'>namqve</span> <span class='ocrx_word' id='word_1_334' title='bbox 1892 4667 2137 4728; x_wconf 78' lang='lat' dir='ltr'>ferrum</span> <span class='ocrx_word' id='word_1_335' title='bbox 2162 4669 2595 4732; x_wconf 91' lang='lat' dir='ltr'>domesticum</span> <span class='ocrx_word' id='word_1_336' title='bbox 2627 4674 2707 4733; x_wconf 91' lang='lat' dir='ltr'>ad</span> 
     </span>
    </p>
   </div>
  </div>
 </body>
</html>
