3242 5684
1042 629 1162 682 DE
1193 629 1659 683 MIRABJLJB
1668 631 1767 686 (ss
2514 639 2593 697 59

293 824 674 897 Capitulum
703 825 884 890 XIX.
971 815 1158 879 Feris
1185 817 1402 880 insula
1434 826 1659 880 nostra
1689 818 1825 880 fere
1858 809 2065 881 vacua
2094 829 2215 894 est,
2252 820 2379 881 nisi
2423 822 2596 900 qvod

215 935 404 978 canes
425 917 830 994 grandiores,
855 917 1214 979 mediocres
1235 927 1302 980 et
1320 917 1646 993 minimoS,
1676 937 1917 998 eosqve
1933 938 2160 982 omnes
2176 920 2591 995 domesticos,

215 1018 366 1079 alat.
458 1018 631 1080 Sunt
705 1025 927 1079 autem
985 1016 1096 1094 alij
1159 1017 1426 1080 illorum
1481 1017 1842 1097 plurimum
1892 1019 2131 1093 villosi,
2194 1020 2471 1098 ideoqve
2526 1021 2596 1080 in

216 1117 430 1196 precio
448 1118 732 1196 qvodam
761 1117 938 1196 apud
969 1117 1274 1180 nationes
1291 1118 1699 1190 exotericas;
1748 1119 1859 1194 alij
1895 1119 2346 1196 grandiusculi
2370 1121 2595 1198 vulpe-

217 1218 393 1279 culas
455 1216 640 1295 (qvae
683 1217 844 1278 solae
901 1217 1190 1279 ferarum
1246 1227 1396 1296 post
1455 1218 1989 1297 importationem
2048 1218 2253 1296 hujus
2308 1221 2597 1298 regionis

216 1317 449 1379 incolae
475 1317 714 1379 ovibus
743 1316 1231 1379 nocentissimae
1262 1318 1651 1393 censentur)
1695 1326 2033 1379 sectantur
2062 1319 2271 1381 ductu
2314 1321 2597 1399 qvodam

217 1426 472 1479 naturae
501 1439 514 1488 ;
559 1416 782 1478 caeteri
814 1435 1028 1489 canes,
1059 1425 1195 1478 tam
1224 1417 1514 1480 venatici
1544 1436 1741 1496 qvam
1770 1417 2124 1496 sagittarii,
2155 1438 2428 1481 numero
2450 1439 2598 1481 raro

217 1519 679 1596 importantur.
775 1517 1028 1578 Deinde
1087 1517 1319 1578 felium
1377 1525 1442 1578 et
1501 1517 1790 1579 murium
1850 1518 2251 1580 feracissima
2308 1527 2407 1580 est
2453 1521 2599 1582 haec

219 1617 420 1694 regio,
471 1616 771 1695 exceptis
814 1616 1207 1696 qvibusdam
1251 1617 1414 1679 locis
1455 1617 1929 1695 singularibus,
1980 1618 2049 1678 in
2094 1619 2333 1697 qvibus
2388 1638 2600 1699 neqve

219 1718 374 1779 feles
403 1735 615 1795 neqve
659 1733 898 1789 mures,
936 1715 1238 1795 qvamvis
1280 1715 1743 1795 importentur,
1780 1717 2004 1779 vivere
2048 1729 2344 1797 possunt,
2382 1721 2603 1783 nescio

217 1826 483 1896 propter
540 1835 736 1896 qvam
809 1816 1235 1896 antipateiam
1295 1825 1412 1878 aut
1481 1816 1812 1879 occultam
1870 1826 2129 1880 naturae
2186 1819 2593 1897 qvalitatem,

220 1917 769 1996 qvemadmodum
826 1916 1178 1995 probatum
1235 1924 1336 1977 est
1393 1916 1460 1976 in
1512 1916 1790 1977 dimidia
1844 1925 2051 1995 parte,
2089 1937 2238 1996 qvae
2295 1938 2600 1982 occasum

217 2025 465 2096 spectat
496 2017 858 2095 provinciae
891 2015 1290 2078 Hornafiord
1321 2025 1390 2078 et
1449 2016 1724 2078 alterius
1752 2017 2139 2096 propinqvae
2197 2017 2591 2094 Auraeffum,

222 2119 400 2180 nullo
457 2117 654 2178 modo
711 2116 936 2178 vivere
989 2134 1179 2194 posse
1237 2115 1649 2194 experientia
1705 2125 1893 2178 teste.
1985 2117 2213 2180 Simile
2270 2120 2599 2197 qvoddam

222 2219 441 2280 odium
473 2217 822 2278 intercedit
854 2215 1248 2278 naturaliter
1305 2215 1480 2276 inter
1507 2217 1835 2277 salmones
1892 2225 1958 2276 et
1988 2216 2171 2277 lacus
2226 2236 2303 2279 ac
2358 2216 2599 2279 fluvios

223 2337 442 2380 omnes
493 2317 632 2378 fere
661 2316 731 2377 in
761 2324 902 2377 tota
933 2315 1236 2377 orientali
1277 2315 1474 2394 plaga
1506 2315 1817 2376 Islandiae
1848 2333 2053 2394 usqve
2092 2316 2171 2376 ad
2208 2311 2491 2391 Piorsaa,
2528 2318 2597 2378 in

223 2401 488 2480 australi
519 2425 706 2495 parte
748 2415 1183 2494 profluentem
1199 2411 1237 2489 ¹,
1273 2433 1456 2495 τινος,
1493 2415 1921 2494 qvantumvis
1978 2435 2270 2477 amoenos
2298 2425 2364 2478 et
2394 2417 2597 2478 abun-

224 2517 661 2589 dantissimos,
711 2533 872 2578 esox
933 2533 1270 2593 nunqvam
1327 2514 1721 2592 ingreditur,
1779 2515 2185 2577 salmonibus
2240 2535 2316 2577 ac
2373 2518 2607 2580 troctis

227 2618 382 2678 alias
438 2617 546 2678 vel
577 2616 659 2676 ad
720 2615 1096 2676 satietatem
1127 2615 1426 2676 refertos
1519 2615 1661 2677 Vix
1721 2614 1997 2676 enimin
2055 2615 2183 2676 ista
2213 2617 2407 2694 plaga
2464 2636 2607 2697 rep-

226 2718 430 2796 perire
459 2716 613 2777 licet
657 2715 998 2794 puteolum
1029 2714 1134 2776 vel
1193 2715 1506 2788 rivulum,
1544 2715 1655 2793 qvi
1687 2734 1819 2776 non
1876 2716 1963 2776 sit
1995 2716 2141 2778 istis
2196 2717 2611 2781 animalculis

226 2817 660 2896 plenissimus
755 2817 1015 2876 Rursus
1071 2834 1230 2876 vero
1287 2813 1476 2891 fluvij
1542 2815 1752 2876 nostri
1811 2834 2018 2895 usqve
2076 2817 2156 2876 ad
2202 2818 2610 2888 occidentem

225 2917 535 2996 plaeriqve
586 2935 814 2977 omnes
844 2915 1252 2976 salmonibus
1303 2916 1617 2992 gaudent,
1658 2914 1771 2976 ubi
1803 2914 2045 2977 iterum
2076 2917 2405 2995 repperire
2454 2918 2609 2980 licet

228 3026 476 3096 partem
509 3035 639 3077 non
671 3015 1008 3093 exiguam,
1047 3033 1196 3093 qvae
1225 3014 1462 3090 ijsdem
1491 3015 1685 3094 plane
1705 3023 1903 3076 caret.
1997 3016 2203 3092 Vulgi
2235 3016 2459 3077 fabula
2478 3027 2598 3092 est,

228 3117 588 3180 exorcistas
618 3124 876 3177 veteres
907 3122 1168 3176 tantum
1199 3114 1493 3193 potuisse
1523 3114 1592 3174 in
1615 3122 1949 3176 creaturas
1978 3113 2233 3175 artibus
2253 3115 2605 3177 daemonia-

230 3219 337 3293 cis,
377 3225 451 3279 ut
483 3225 798 3294 tanqvam
840 3215 990 3275 dica
1018 3214 1270 3276 indicta
1301 3214 1598 3276 tantavia
1646 3213 2193 3288 benedictionem,
2232 3215 2607 3294 ubicunqve

228 3319 491 3390 vellent,
521 3323 840 3388 arcerent,
871 3322 945 3376 ut
976 3316 1120 3376 loca
1142 3313 1479 3393 superiora
1509 3334 1548 3375 a
1568 3313 1888 3375 maleficio
1904 3322 1971 3374 et
2003 3314 2295 3393 neqvitia
2319 3316 2607 3377 murium

229 3417 557 3481 munirent
587 3433 979 3493 securosqve
997 3415 1016 3446 ¹
1045 3413 1375 3475 efficerent
1405 3413 1602 3493 idqve
1632 3413 1699 3473 in
1729 3422 2143 3492 perpetuum,
2173 3434 2367 3492 qvam
2391 3417 2611 3478 thesin

229 3537 448 3582 veram
477 3534 619 3578 esse
649 3515 892 3588 credat,
931 3513 1044 3592 qvi
1073 3515 1273 3575 volet.
1365 3514 1496 3576 Sed
1527 3513 1661 3574 iam
1706 3513 2118 3591 longiuscule
2148 3514 2483 3592 digressus
2527 3517 2607 3578 ad

228 3620 450 3698 volpes
479 3617 695 3688 rede0,
733 3631 895 3693 qvas
925 3613 1100 3676 solas
1127 3632 1268 3675 esse
1297 3613 1612 3691 gregibus
1642 3613 1869 3675 ovium
1897 3613 2193 3691 hospites
2220 3615 2445 3678 hostes
2465 3613 2485 3643 ²
2514 3616 2608 3678 in·

231 3718 632 3780 sensissimos
661 3723 726 3776 et
756 3722 998 3793 praeter
1041 3721 1261 3774 cutem
1300 3713 1468 3773 nihil
1512 3713 1714 3791 precii
1760 3715 2006 3775 habent
2038 3738 2051 3786 ;
2099 3715 2167 3775 in
2199 3716 2424 3778 codice
2445 3716 2615 3794 Juris

229 3819 438 3881 cuivis
486 3815 828 3878 occidendi
859 3824 922 3875 et
973 3831 1362 3892 qvocunqve
1393 3814 1587 3874 modo
1638 3813 1839 3874 etiam
1868 3815 1935 3874 in
1966 3814 2183 3875 alieno
2211 3816 2349 3878 solo
2380 3818 2612 3895 prosti-

230 3927 512 3981 tuuntur
543 3925 609 3977 et
662 3914 1135 3992 propinantur;
1185 3913 1530 3974 ferocitate
1581 3913 2031 3992 rapidissimos
2080 3934 2275 3977 canes
2320 3926 2604 3995 aeqvant,

228 4021 415 4098 lupos
433 4015 792 4095 rapacitate
811 4021 1146 4092 superant.
1241 4012 1370 4073 His
1399 4013 1606 4089 igitur
1630 4014 1833 4075 variae
1856 4015 2116 4075 technae
2139 4023 2334 4092 atqve
2353 4015 2613 4077 insidiae

232 4140 265 4180 a
295 4117 527 4180 multis
555 4123 928 4187 struuntur,
964 4113 1210 4190 saepius
1260 4121 1479 4173 tamen
1512 4112 1781 4175 frustra.
1878 4116 2228 4190 Postqvam
2279 4123 2611 4176 veterator

228 4221 333 4280 ille
378 4215 1167 4292 technasqvalescunqve
1211 4212 1444 4273 callide
1476 4212 1663 4274 novit
1707 4213 1937 4286 vitare,
1976 4211 2256 4289 propriis
2284 4213 2454 4274 dolis
2496 4214 2610 4274 ali·

229 4318 488 4399 qvando
519 4313 862 4377 turmatim
907 4321 1208 4391 pereunt,
1245 4312 1559 4372 nimirum
1603 4312 1866 4391 qvando
1894 4312 2037 4372 ovis
2080 4311 2303 4372 avium
2333 4312 2403 4372 in
2445 4331 2611 4392 prae·

231 4418 444 4498 ruptis
487 4413 828 4476 montibus
885 4432 961 4473 ac
991 4412 1173 4473 saxis
1229 4411 1652 4485 insidiantur,
1687 4411 1860 4489 qvod
1893 4411 2016 4471 hoc
2072 4419 2611 4488 stratagemmate

229 4519 364 4580 fieri
411 4514 728 4578 consevit.
824 4511 1247 4575 Conveniunt
1292 4511 1663 4588 vulpeculae
1706 4527 1905 4588 supra
1950 4509 2293 4586 fastigium
2339 4514 2601 4589 monti5‚

295 4684 312 4715 ¹
327 4681 651 4751 profluente
676 4678 796 4730 MS.
870 4675 1076 4726 ‘Thus
