3242 5684
583 627 666 688 50
1547 617 2013 674 ISLANDICA

663 797 1046 870 capitulum
1077 797 1224 858 ΧΠ.
1311 791 1699 870 Seqvnntur
1726 789 1859 850 iam
1886 807 2010 850 suo
2038 789 2271 850 ordine
2292 788 2591 850 volatilia
2620 799 2685 850 et
2710 789 2977 866 qvidem

577 889 790 968 primo
805 889 1188 952 domestica.
1282 889 1548 970 Aqvila,
1579 889 1807 952 avium
1832 887 2026 950 facile
2054 888 2363 968 princeps
2384 897 2501 950 aut
2534 907 2675 961 rex,
2709 887 2979 966 egregie

579 987 650 1050 in
683 989 787 1051 bis
815 989 978 1052 locis
1007 998 1277 1068 generat
1307 989 1623 1050 nimirum
1652 1006 1883 1050 secura
1910 989 1995 1050 ab
2022 988 2321 1050 omnium
2348 987 2791 1058 infestatione,
2830 1007 2981 1066 qvae

579 1089 728 1152 ideo
785 1107 961 1168 saepe
1019 1097 1274 1152 tantam
1331 1089 1578 1150 rabiem
1636 1087 1947 1166 concipit,
1998 1095 2073 1150 ut
2130 1087 2333 1150 etiam
2390 1087 2679 1149 viatores
2734 1085 2981 1148 adoriri

581 1190 844 1260 audeat,
880 1188 1077 1267 cnjus
1105 1187 1199 1251 rei
1231 1187 1687 1250 testimonium
1720 1187 2011 1250 notabile
2040 1196 2283 1264 praeter
2312 1187 2441 1248 alia
2484 1195 2673 1250 extat
2704 1187 2774 1248 in
2832 1205 2981 1266 pro·

582 1289 800 1352 vincia
835 1288 1300 1368 Borgarfyrde,
1329 1307 1480 1350 nam
1513 1306 1659 1350 mea
1686 1287 1953 1368 qvidem
1983 1288 2298 1350 memoria
2326 1287 2504 1349 vixit
2534 1295 2755 1365 pastor
2782 1305 2979 1348 vene·

581 1389 828 1451 randus
887 1389 1018 1451 iam
1077 1407 1306 1460 senex,
1369 1387 1476 1450 cui
1537 1406 1777 1450 nomen
1834 1405 1979 1448 sera
2037 1383 2262 1448 Torffe
2337 1381 2809 1458 Porsteinsson,
2882 1386 2983 1448 vir

581 1490 876 1566 apprime
935 1488 1128 1550 fortis
1155 1506 1232 1549 ac
1289 1488 1623 1560 robustus,
1660 1505 1854 1566 qvem
1910 1485 2193 1548 brumali
2224 1495 2519 1564 tempore
2568 1487 2639 1546 in
2668 1487 2983 1564 parocbia

581 1605 702 1650 sua
731 1587 1254 1666 proficiscentem
1283 1587 1440 1649 duae
1467 1585 1709 1668 aqvilae
1736 1586 1935 1648 simul
1975 1586 2295 1648 acerrimo
2322 1587 2578 1665 impetu
2608 1587 2977 1658 feruerunt,

583 1689 789 1749 altera
819 1705 858 1748 a
885 1697 1098 1764 terg0,
1127 1688 1334 1748 altera
1363 1687 1446 1748 ad
1477 1694 1712 1765 pectus
1739 1685 1889 1760 viri,
1922 1703 2179 1764 ungves
2206 1686 2667 1764 rapacissimos
2682 1686 2985 1748 vestibus

579 1783 1054 1865 impingentes¹
1083 1786 1268 1860 adeo,
1305 1795 1380 1848 ut
1411 1786 1503 1848 ibi
1535 1785 1693 1847 fixae
1750 1787 2106 1847 baererent.
2200 1787 2433 1847 Pastor
2492 1804 2649 1848 vero
2706 1790 2983 1864 arrupto

581 1887 752 1949 collo
807 1886 1150 1966 utriusqve
1177 1886 1450 1948 domum
1477 1905 1649 1948 onus
1698 1885 2011 1964 portavit,
2048 1885 2303 1948 viribus
2332 1904 2497 1964 pene
2548 1895 2983 1965 consumptus

581 2007 670 2050 ex
699 1987 826 2048 ista
857 1985 1114 2060 militia,
1151 1987 1233 2047 ad
1268 1985 1442 2048 fores
1464 1985 1695 2064 templi
1717 1985 2039 2063 elanguit,
2066 1986 2277 2047 donec
2298 2004 2369 2046 se
2391 2004 2621 2047 rursus
2642 1985 2983 2063 colligeret

581 2096 647 2149 et
705 2106 742 2148 a
771 2086 1153 2149 domesticis
1181 2086 1544 2164 prudenter
1599 2086 1686 2147 ab
1714 2086 2020 2147 hostibus
2077 2085 2415 2158 liberatus,
2455 2104 2538 2147 ne
2581 2096 2801 2147 cutem
2864 2095 2981 2147 aut

581 2207 844 2250 carnem
895 2187 1236 2248 laederent.
1329 2185 1711 2249 Credantur
1756 2186 1998 2264 aqvilae
2048 2194 2271 2246 tantos
2300 2186 2559 2247 furores
2608 2187 2976 2263 concipere,

581 2298 929 2366 postqvam
969 2286 1283 2349 curiosuli
1317 2286 1585 2366 qvidam
1637 2285 1828 2346 nidos
1856 2283 2043 2363 ejus'
2066 2285 2317 2346 intrant
2347 2285 2690 2364 pullosqve
2736 2286 2985 2348 ibidem

581 2387 887 2462 alligatos
915 2395 1204 2459 servant,
1240 2386 1451 2447 donec
1480 2393 1787 2462 parentes
1814 2385 2158 2463 acqvirant
2182 2385 2279 2446 eis
2298 2404 2645 2462 gemmam,
2674 2403 2983 2463 peragra-

583 2486 672 2547 tis
701 2494 854 2546 ante
885 2485 1192 2547 omnibus
1222 2494 1546 2546 terrarum
1579 2485 1905 2546 limitibus
1942 2486 2049 2546 vel
2080 2485 2608 2557 abstrusissimis,
2644 2504 2795 2564 qvae
2844 2487 2985 2546 vim

585 2585 825 2646 babeat
887 2585 1092 2645 nodos
1122 2603 1348 2646 omnes
1405 2584 1727 2656 solvendi,
1764 2602 1896 2663 qvo
1950 2593 2145 2662 pacto
2174 2585 2391 2662 pullos
2448 2603 2603 2645 suos
2630 2585 2979 2646 liberaturi

582 2684 736 2756 sint,
777 2684 950 2761 qvod
982 2692 1296 2762 tanqvam
1345 2683 1584 2745 frivola
1616 2693 2017 2760 nugamenta
2068 2703 2199 2745 non
2232 2685 2683 2762 imprudenter
2734 2685 2979 2746 insero,

584 2784 950 2846 Corvorum
982 2782 1409 2856 feracissima,
1443 2783 1498 2844 si
1531 2803 1684 2863 qvae
1742 2803 2015 2862 usqvam
2048 2793 2393 2858 terrarum,
2433 2786 2579 2846 haec
2606 2795 2705 2846 est
2764 2786 2975 2862 regio,

583 2902 732 2962 qvae
789 2883 931 2944 avis
977 2882 1400 2960 improbitate
1458 2891 1524 2945 et
1577 2882 1922 2960 maleficiis
1993 2883 2273 2945 nimium
2317 2894 2475 2945 nota
2532 2895 2653 2945 est.
2748 2885 2987 2946 Olores

579 2983 899 3062 plurimos
928 2983 1046 3044 alit
1079 2985 1222 3044 haec
1271 2983 1508 3055 insula,
1547 3001 1810 3044 anseres
1843 3003 2101 3062 qvoqve
2152 2984 2567 3058 domesticos,
2610 2985 2982 3062 heimgioese

577 3091 840 3157 vocant,
877 3083 1105 3162 paucis
1157 3092 1420 3144 tantum
1470 3083 1653 3155 locis,
1746 3083 1905 3143 item
1956 3091 2228 3143 anatum
2275 3084 2590 3161 qvasdam
2637 3081 2973 3161 species⁸z

577 3184 932 3258 stockavnd,
959 3185 1262 3262 griisbnd,
1300 3183 1589 3264 ίορῥόηά,
1638 3183 1790 3256 &c.,
1827 3202 1976 3261 qvae
2028 3183 2344 3257 hybernis
2374 3183 2778 3261 temporibus
2829 3185 2975 3247 loca

576 3284 950 3363 vaporifera
995 3285 1306 3363 nulloqve
1351 3283 1506 3360 gelu
1535 3282 1827 3343 obnoxia
1870 3291 2129 3360 petunt,
2168 3302 2377 3361 neqve
2420 3283 2509 3343 ibi
2542 3283 2809 3360 frigoris
2851 3285 2973 3344 im·

579 3384 820 3444 modici
873 3383 1009 3445 vim
1040 3393 1156 3445 aut
1203 3382 1519 3460 injuriam
1549 3381 1919 3460 patiuntur.
2016 3384 2341 3443 Praeterea
2384 3383 2699 3459 perdices,
2736 3385 2981 3465 rivipur

579 3483 950 3554 vernacule,
993 3483 1320 3560 gregatim
1377 3483 1661 3561 patriam
1694 3490 1985 3542 nostram
2044 3481 2445 3560 pervolitant
2478 3483 2746 3560 frigoris
2802 3486 2974 3562 pati-

577 3580 925 3642 entissimi.
1020 3583 1280 3643 Natura
1307 3582 1491 3643 dedit
1521 3583 1656 3643 illis
1684 3582 1933 3643 colores
1964 3590 2240 3654 mutare,
2278 3601 2407 3660 qvo
2438 3582 2657 3642 minus
2701 3584 2973 3645 falconi·

580 3681 704 3740 bus
734 3679 895 3739 fiant
926 3680 1171 3757 praeda,
1209 3681 1531 3759 siqvidem
1563 3701 1714 3742 cum
1746 3682 1900 3743 nive
1929 3682 2323 3742 dealbantur
2353 3681 2421 3742 in
2453 3683 2705 3756 bruma,
2743 3701 2975 3745 rursus

577 3789 773 3840 terrae
831 3778 1113 3839 colorem
1166 3780 1302 3841 fere
1361 3780 1695 3841 cinereum
1753 3800 1904 3842 cum
1965 3790 2196 3843 aestate
2254 3781 2563 3844 induunt.
2656 3782 2765 3844 Ad
2828 3785 2975 3846 haec

577 3878 936 3958 passerculi
983 3882 1330 3940 innumero
1373 3897 1649 3941 numero
1678 3880 1879 3941 etiam
1925 3881 2241 3956 hybernis
2272 3882 2679 3960 temporibus
2723 3883 2975 3961 frigora

579 3987 806 4040 nostra
835 3977 1155 4040 sentiunt.
1251 3981 1512 4040 Horum
1544 3999 1755 4056 genus
1786 3981 2331 4058 grandiusculum
2362 3982 2444 4041 ad
2475 3981 2972 4044 distinctionem

573 4079 736 4140 alias
761 4078 1180 4154 so‘lskrvkz‘ur,
1220 4079 1382 4140 alias
1403 4080 1914 4158 sko‘garprestar‚
1954 4081 2399 4142 minusculum
2432 4089 2653 4143 autem
2685 4083 2969 4163 titlz‘jng-

569 4199 670 4251 ar,
747 4180 1240 4258 snibtitlijngar,
1319 4179 1804 4259 qrdtitlz'jngar,
1897 4179 2426 4260 pdffutitlijngar
2522 4181 2966 4260 appellantur.

574 4279 641 4338 N
643 4297 807 4357 eqve
838 4280 1372 4356 vespertilionem
1402 4280 1805 4357 ignoramus
1899 4281 2011 4342 Sic
2043 4280 2315 4341 fuerunt
2347 4298 2503 4342 aves
2542 4281 2927 4344 domesticae
2954 4306 2970 4356 ;

573 4378 853 4455 gallinas
923 4397 1073 4439 cum
1147 4380 1512 4456 gallinaceo
1576 4398 1809 4458 paucae
1884 4380 2185 4458 qvaedam
2252 4380 2489 4441 domus
2540 4380 2808 4442 latiores
2864 4383 2974 4444 vel

573 4477 989 4538 delicatiores
1019 4480 1228 4539 alunt.
1320 4481 1708 4558 Seqvuntur
1740 4479 2148 4542 adventitiae.

642 4605 1028 4672 ¹impingente
1053 4609 1174 4660 MS.
1247 4607 1450 4660 ²Thus.
1525 4607 1630 4660 ⁸In
1654 4608 1754 4659 the
1778 4607 2001 4674 margin
2026 4625 2037 4660 :
2076 4609 2363 4662 Berniclas
2384 4608 2520 4661 licet
2543 4609 2849 4677 appellare.
