3242 5684
931 624 1417 678 ANNALIUM
1440 624 1851 680 FARRAGO
2506 631 2576 673 21

274 805 477 866 Anno
512 806 666 867 1615
714 799 977 861 Glacies
1006 797 1241 876 ingens
1271 798 1497 860 oceani
1530 797 1962 860 Gronlandici
2011 799 2093 859 ad
2135 796 2584 860 meridionalis

184 897 509 959 Islandiae
537 899 763 960 littora
808 899 1087 978 appulit,
1126 907 1202 960 ut
1246 899 1493 959 fretum
1522 898 1698 959 inter
1740 899 2191 960 continentem
2221 905 2286 960 et
2332 897 2584 959 insulas

184 998 775 1060 Westmannorum
798 998 1185 1060 densissime
1204 1007 1477 1074 tegeret,
1508 997 1994 1060 concomitante
2017 1017 2257 1074 magno
2285 999 2583 1060 focatum

183 1115 471 1158 numero
500 1107 565 1160 et
598 1099 767 1160 ursis
795 1099 1067 1178 aliqvot,
1089 1117 1370 1178 qvorum
1398 1099 1533 1159 duo
1557 1106 1818 1159 tantum
1849 1099 1932 1160 ab
1955 1097 2188 1160 incolis
2217 1098 2370 1160 caesi
2394 1107 2576 1160 sunt.

182 1197 394 1258 Anno
425 1199 654 1260 eodem
685 1199 930 1276 glacies
980 1197 1429 1262 Gronlandica
1458 1198 1745 1259 insulam
1792 1217 2050 1260 omnem
2081 1199 2166 1260 ab
2210 1199 2574 1272 occidente,

180 1298 641 1376 septentrione
698 1308 765 1361 et
792 1298 1047 1361 oriente
1102 1298 1576 1360 circumclusit.
1669 1297 1872 1362 Sinus
1929 1299 2165 1359 marini
2209 1318 2438 1360 omnes
2496 1299 2580 1359 ab

180 1397 446 1459 intimis
474 1399 781 1461 litoribus
808 1399 877 1460 in
906 1417 1232 1461 summam
1262 1417 1467 1477 usqve
1498 1398 1919 1460 altitudinem
1950 1399 2104 1476 gelu
2134 1408 2199 1460 et
2221 1398 2584 1476 frigoribus

182 1499 484 1560 concreti
512 1500 815 1578 pervium
871 1499 999 1561 iter
1046 1494 1462 1578 eqve'stribus
1518 1508 1584 1559 et
1643 1499 2061 1577 pedestribus
2119 1499 2570 1577 praebuerunt.

186 1599 493 1662 Glaciem
525 1609 747 1661 autem
796 1599 993 1661 istam
1024 1599 1093 1659 in
1142 1599 1411 1660 sinuum
1439 1597 1632 1676 ostijs
1681 1607 2055 1661 concretam
2094 1601 2298 1660 altera
2348 1600 2576 1661 oceani

182 1717 425 1778 nempe
455 1699 854 1774 circumluit,
892 1707 966 1761 ut
996 1699 1436 1778 piscatoribus
1464 1699 1759 1776 piscandi
1790 1698 1898 1760 via
1928 1699 2142 1761 omnis
2172 1701 2253 1760 ad
2301 1701 2579 1762 multam

184 1819 399 1880 usqve
430 1809 727 1862 aestatem
767 1800 1305 1878 praecluderetur.

270 1909 471 1968 Anno
506 1910 662 1968 1616
708 1900 990 1979 Appulit
1009 1900 1090 1959 ad
1119 1899 1347 1960 littora
1375 1899 1445 1959 in
1468 1907 1666 1978 portu
1689 1897 2192 1961 Thorlakshiifn
2217 1900 2405 1962 halec
2428 1901 2578 1963 visu

184 2020 357 2074 rara,
396 2009 644 2062 trutam
673 2001 917 2079 piscem
942 1999 1401 2077 magnitudine
1428 1999 1740 2072 referens,
1770 2001 1984 2061 colore
2003 2010 2337 2076 argente0,
2367 2003 2578 2063 cauda

183 2102 400 2162 instar
448 2101 668 2162 dentis
713 2101 1023 2161 anchorae
1072 2101 1140 2160 in
1186 2099 1401 2161 medio
1450 2099 1841 2177 cuspidata;
1887 2118 1975 2161 ex
2005 2100 2220 2179 capite
2249 2120 2406 2163 vero
2438 2101 2573 2162 fila-

184 2211 413 2264 menta
442 2202 745 2280 qvaedam
774 2218 895 2262 ceu
925 2201 1099 2273 cirri,
1134 2209 1201 2261 et
1232 2200 1315 2261 ab
1344 2217 1455 2261 ore
1485 2200 1687 2261 barba
1719 2198 1928 2260 instar
1972 2199 2208 2262 florum
2268 2198 2575 2263 umbelle¹

184 2320 305 2362 seu
364 2301 672 2362 muscarii
717 2301 1196 2379 prominebant.
1290 2302 1617 2361 Praeterea
1675 2298 1875 2378 piscis
1928 2299 2051 2361 iste
2108 2301 2192 2362 ab
2249 2302 2576 2363 anteriore

186 2411 375 2479 parte
404 2402 589 2481 qvasi
622 2402 919 2462 folliculo
947 2401 1231 2462 vestitus
1259 2408 1421 2472 erat,
1458 2419 1588 2478 qvo
1647 2401 1842 2460 modo
1882 2409 2081 2478 caput
2111 2400 2329 2479 ipsum
2378 2403 2574 2464 modo

183 2502 389 2579 capiti
447 2502 733 2563 vicinam
765 2510 1017 2580 partem
1077 2500 1359 2578 tegebat,
1396 2509 1536 2561 erat
1594 2500 1769 2560 enim
1802 2499 1994 2561 facile
2053 2501 2332 2576 mobiliS,
2369 2521 2573 2581 qvan-

186 2612 461 2682 tumqve
491 2612 865 2663 antrorsum
896 2609 1159 2662 tantum
1201 2600 1402 2661 etiam
1432 2608 1789 2662 retrorsum
1847 2602 2202 2676 ferebatur,
2243 2622 2362 2664 nec
2423 2622 2574 2681 pars

187 2703 485 2764 folliculo
536 2711 711 2763 tecta
735 2702 1134 2780 reliqvarum
1174 2700 1462 2778 partium
1493 2700 1710 2761 nitore
1739 2702 2195 2779 superabatur.
2290 2702 2572 2782 Appulit

186 2812 412 2865 autem
443 2811 630 2864 tanto
659 2820 935 2863 numero
975 2809 1289 2880 tantaqve
1340 2801 1529 2874 mole,
1569 2809 1644 2861 ut
1697 2819 1865 2878 aqva
1916 2802 2146 2863 usibus
2196 2803 2574 2865 domesticis

184 2903 570 2977 necessaria,
607 2920 759 2981 quae
788 2901 1032 2962 ibidem
1060 2920 1148 2961 ex
1187 2901 1410 2961 littore
1438 2901 1722 2978 petenda
1771 2909 1892 2974 est,
1930 2901 2250 2979 tantisper
2297 2905 2572 2981 praeclu-

184 3006 475 3065 deretur.
568 3003 767 3063 Anno
810 3003 1041 3062 eodem
1083 3002 1351 3062 morbus
1400 3001 1816 3078 pustularum
1863 3001 2222 3062 Islandiam
2281 3003 2575 3078 graviter

187 3103 542 3181 affligebat,
571 3102 765 3163 initio
788 3103 966 3163 facto
987 3102 1059 3161 in
1086 3101 1478 3162 occidentali
1509 3101 1748 3161 insulae
1778 3110 1964 3178 parte
1998 3100 2355 3175 D'olunum,
2395 3103 2572 3164 filius

181 3205 358 3266 enim
390 3202 814 3267 Gottschalki
844 3203 925 3263 de
958 3201 1319 3262 Hundadal
1349 3201 1417 3260 in
1450 3201 1862 3261 Britanniam
1888 3201 2316 3278 navigaverat
2348 3211 2413 3263 et
2446 3204 2572 3264 hoc

186 3306 415 3366 morbo
470 3303 760 3364 infectus
803 3302 1023 3379 redijt.
1115 3301 1369 3380 Serpsit
1426 3309 1651 3362 autem
1681 3301 1808 3360 ista
1864 3301 2175 3377 contagio
2203 3302 2425 3363 subito
2483 3323 2571 3364 ex

184 3403 577 3467 occidentali
608 3403 803 3480 plaga
834 3403 915 3462 ad
946 3402 1229 3481 reliqvas
1260 3410 1393 3462 tres
1422 3410 1488 3462 et
1519 3419 1828 3476 magnam
1859 3409 2148 3477 stragem
2192 3400 2572 3478 juventutis

182 3505 391 3567 edidit
419 3527 432 3578 ;
479 3504 709 3583 paucis
736 3503 934 3577 enim,
969 3502 1083 3581 qui
1116 3501 1529 3579 trigesimum
1559 3519 1806 3562 annum
1837 3510 2238 3574 exesserant,
2275 3503 2380 3563 vel
2411 3503 2572 3566 vitae

184 3606 292 3668 vel
356 3603 765 3666 valetudinis
818 3602 1236 3681 dispendium
1294 3601 1556 3681 aliqvod
1616 3609 1892 3663 crearat.
2027 3602 2572 3666 Reminiscuntur

184 3714 408 3767 autem
463 3713 809 3777 nostrateS,
846 3703 997 3780 aliJs
1024 3703 1210 3763 senio
1239 3702 1699 3781 provectioreS,
1730 3703 1813 3763 ab
1842 3721 2016 3764 anno
2053 3720 2207 3780 1555
2239 3704 2344 3764 vel
2376 3721 2453 3782 75
2486 3706 2568 3766 ad

186 3823 433 3867 annum
470 3808 628 3865 1616
656 3803 979 3881 ejusmodi
1010 3804 1311 3864 morbum
1342 3811 1575 3881 qvater
1603 3802 1671 3862 in
1702 3803 1914 3880 patria
1946 3811 2318 3879 grassatum
2337 3804 2564 3879 fuisse,

182 3925 334 3986 qvae
388 3924 547 3967 vero
576 3914 641 3966 et
698 3913 945 3983 qvanta
973 3921 1195 3964 secum
1240 3903 1496 3980 adferat
1526 3911 1850 3965 tormenta
1882 3903 2094 3964 literis
2121 3903 2406 3982 exprimi
2438 3923 2569 3966 non

184 4014 424 4085 potest.

268 4115 465 4173 Anno
500 4113 657 4173 1617
701 4105 815 4168 Sol
844 4113 908 4165 et
940 4104 1098 4165 luna
1126 4104 1318 4164 valde
1348 4103 1716 4164 rubuerunt
1749 4122 1787 4178 9
1815 4111 1882 4163 et
1941 4121 2014 4162 10
2045 4101 2298 4179 Aprilis
2338 4102 2568 4180 praeci·

182 4205 335 4286 pue,
372 4225 447 4266 ac
477 4213 618 4266 tota
648 4204 795 4266 coeli
827 4203 1031 4265 facies
1060 4203 1463 4283 aliqvamdiu
1492 4203 1798 4278 lugubris
1824 4201 1968 4263 visa
1996 4211 2116 4262 est.

268 4315 465 4373 Anno
497 4313 656 4373 1619
703 4305 1060 4365 Monstrosi
1104 4304 1309 4365 foetus
1338 4303 1581 4381 passim
1642 4303 1778 4363 nati
1810 4310 1988 4363 sunt.
2085 4301 2428 4363 Dominica
2491 4320 2566 4362 22

183 4415 328 4486 post
386 4403 739 4467 Trinitatis
781 4423 983 4466 vacca
1010 4404 1313 4483 qvaedam
1343 4403 1410 4462 in
1469 4411 1689 4463 tractu
1745 4401 2062 4462 Islandiae
2122 4401 2568 4464 meridionalis

184 4509 460 4570 Vestare
516 4503 933 4580 Landeyium
996 4505 1287 4566 vitulum
1344 4502 1672 4581 peperisse
1729 4500 1976 4562 dicitur
2034 4510 2246 4562 rostro
2304 4502 2564 4580 qvidem

179 4606 438 4679 canino,
474 4605 587 4666 sed
619 4603 731 4683 qvi
762 4603 1032 4664 naribus
1060 4611 1309 4664 careret
1338 4603 1693 4680 oculosqve
1733 4601 1929 4663 solito
1959 4601 2238 4662 inferius
2284 4612 2560 4679 gereret,
