3242 5684
567 545 642 604 18
1516 549 1987 606 ISLANDICA

557 720 629 782 in
659 723 1022 804 aqvilonari
1041 733 1229 804 parte
1251 723 1565 787 Islandiae
1595 723 1795 786 Anno
1824 727 1985 786 1610
2010 723 2156 804 ipso
2174 723 2284 786 die
2305 724 2375 786 S.
2410 722 2661 791 Luciae.
2753 723 2945 790 Luna

557 831 700 884 erat
729 823 880 886 visu
908 825 1460 904 qvemadmodum
1487 824 1758 904 sangvis
1784 823 1982 905 idqve
2012 823 2207 902 longe
2237 831 2387 904 post
2414 823 2546 885 diei
2590 817 2945 896 occasum,¹

559 923 732 1002 qvod
763 925 1216 1003 spectaculum
1243 925 1384 1004 ipse
1411 923 1667 1003 iudicat
1698 923 2173 1004 prodigiosum.

641 1031 840 1093 Anno
873 1022 1054 1092 1611'
1093 1025 1443 1104 *proxima
1497 1025 1606 1086 die
1652 1023 1929 1087 Saturni
1982 1032 2137 1086 ante
2198 1023 2613 1086 Dominicam
2664 1023 2943 1102 Septua-

561 1123 852 1201 gesimae,
890 1143 1042 1204 qvae
1069 1125 1306 1188 incidit
1335 1125 1406 1187 in
1443 1143 1517 1202 19
1545 1123 1869 1203 Januarij,
1906 1123 1977 1186 in
2026 1123 2189 1186 villa
2244 1123 2556 1187 australis
2604 1122 2937 1196 Islandiae,

557 1221 1008 1299 Sdmstodum,
1043 1225 1371 1288 violentas
1397 1242 1637 1286 manus
1663 1223 1789 1286 sibi
1820 1223 2049 1286 intulit
2091 1223 2567 1303 paterfamilias
2593 1221 2744 1301 eius
2792 1221 2939 1296 loci,

561 1324 827 1386 nomine
853 1327 1056 1400 Jonas
1085 1324 1395 1399 Simonis,
1431 1324 1543 1404 qvi
1573 1323 1709 1404 piis
1736 1333 1803 1386 et
1854 1323 2151 1386 honestis
2178 1323 2566 1403 parentibus
2616 1332 2835 1397 natus,
2871 1340 2947 1383 ac

557 1423 629 1486 in
657 1444 816 1487 vero
845 1425 1083 1486 timore
1113 1423 1380 1486 Domini
1411 1425 1755 1498 educatus,
1780 1424 1919 1504 ipse
1948 1443 2019 1486 se
2046 1424 2231 1503 pium
2258 1425 2669 1504 probumqve
2697 1432 2765 1485 et
2782 1424 2947 1486 bene

557 1533 887 1586 moratum
915 1524 1276 1586 declaravit
1317 1543 1522 1604 usqve
1549 1524 1634 1585 ad
1677 1533 2053 1586 extremum
2080 1524 2245 1586 vitae
2285 1524 2591 1598 halitum,
2629 1523 2947 1602 templum

561 1623 939 1703 freqventer
969 1624 1318 1698 visitando,
1347 1625 1625 1686 verbum
1658 1624 1778 1686 Dei
1806 1624 2165 1702 diligenter
2192 1624 2524 1687 audiendo
2550 1633 2617 1686 et
2640 1623 2939 1702 legendo.

561 1725 856 1787 Uxorem
886 1724 1121 1786 habuit
1149 1724 1328 1803 piam
1357 1733 1423 1786 et
1473 1725 1769 1804 probam,
1804 1724 2047 1787 liberos
2092 1726 2407 1787 honestos
2433 1743 2511 1786 ac
2560 1723 2942 1802 morigeros.

561 1824 733 1904 Quae
762 1824 1128 1886 Dominicis
1151 1825 1386 1887 diebus
1428 1844 1465 1886 e
1492 1825 1697 1888 sacris
1746 1825 2177 1887 concionibus
2202 1825 2437 1887 didicit
2472 1824 2949 1904 memoriaeqve

562 1924 925 1999 mandavit,
959 1944 1036 1986 ea
1066 1926 1335 1988 domum
1365 1943 1671 1988 reversus
1709 1924 1982 1987 familiae
2010 1943 2152 1987 suae
2200 1925 2545 2006 proposuit
2574 1933 2641 1986 et
2690 1943 2947 1987 summa

560 2042 714 2086 cum
740 2024 1094 2087 devotione
1121 2025 1477 2104 diligenter
1505 2024 1892 2099 inculcavit,
1928 2025 2103 2105 qvod
2132 2025 2402 2104 pietatis
2428 2024 2719 2087 officium
2747 2025 2947 2087 etiam

554 2124 754 2202 paulo
782 2135 938 2187 ante
965 2125 1224 2188 obitum
1251 2126 1484 2188 sedulo
1512 2125 1854 2204 praestitit.
1947 2127 2047 2188 De
2077 2144 2269 2188 mane
2298 2125 2764 2204 praenominati
2811 2124 2945 2186 diei

562 2225 836 2288 Saturni
895 2244 1028 2287 una
1085 2244 1236 2288 cum
1291 2225 1563 2305 reliqvis
1617 2224 1999 2287 domesticis
2054 2225 2349 2286 surrexit
2406 2243 2481 2286 ac
2536 2243 2782 2305 preces,
2850 2225 2947 2287 uti

558 2326 832 2399 solebat,
895 2325 1004 2404 pie
1076 2334 1143 2387 et
1200 2325 1442 2388 devote
1499 2325 1879 2387 celebravit.
1974 2325 2229 2386 Deinde
2285 2325 2482 2387 domo
2524 2326 2762 2387 cedens
2816 2345 2947 2388 non

561 2424 784 2504 redijt,
821 2425 994 2504 qvod
1058 2435 1278 2487 tamen
1334 2425 1681 2487 domestici
1741 2445 1875 2487 non
1932 2435 2241 2504 poterant
2298 2426 2525 2487 statim
2580 2427 2943 2496 attendere.

559 2525 942 2605 priusqvam
997 2526 1122 2587 sub
1151 2543 1491 2604 vesperam
1549 2525 1769 2586 missis
1810 2525 1973 2588 viris
2037 2543 2109 2587 12
2154 2526 2234 2587 ad
2294 2526 2704 2605 qverendum
2759 2526 2949 2588 illum

562 2625 810 2687 frustra
839 2625 1039 2686 etiam
1063 2624 1131 2686 in
1155 2626 1432 2687 multam
1462 2635 1745 2687 noctem.
1836 2628 2089 2688 Verum
2119 2644 2309 2687 mane
2336 2626 2447 2687 die
2474 2625 2667 2700 Solis,
2695 2645 2848 2706 qvae
2872 2645 2949 2688 20

562 2724 694 2787 fuit
720 2724 1046 2803 Januarij,
1081 2743 1214 2787 non
1243 2726 1476 2804 procul
1505 2745 1542 2786 a
1571 2744 1695 2787 suo
1726 2725 2106 2787 habitaculo
2130 2735 2473 2805 reppertus
2500 2735 2601 2789 est
2623 2736 2943 2800 mortuus,

561 2823 667 2903 cuj
679 2843 757 2887 us
782 2825 1022 2887 dextra
1068 2844 1304 2887 manus
1352 2825 1676 2902 sangvine
1720 2825 2219 2900 commaculata,
2255 2824 2456 2904 juxta
2503 2827 2693 2888 illum
2740 2826 2951 2888 culter

561 2924 775 3004 major
802 2925 989 3004 qvasi
1020 2925 1345 2988 laniorum
1373 2925 1696 3002 sangvine
1721 2925 1991 2999 tinctuS,
2030 2935 2228 3005 atqve
2251 2925 2319 2986 in
2340 2935 2613 3004 gutture
2637 2945 2845 3006 usqve
2866 2927 2948 2987 ad

557 3043 704 3089 ossa
750 3025 1014 3102 insigne
1060 3027 1307 3088 vulnus
1352 3025 1594 3105 patuit.
1710 3028 2037 3087 Praeterea
2086 3026 2316 3087 scribit
2361 3028 2488 3088 Dn.
2536 3022 2943 3104 Sigvardus⁸,

555 3125 954 3206 praepositus
981 3135 1046 3188 et
1071 3127 1399 3205 parochus
1419 3125 1719 3204 ejusdem
1737 3125 1887 3200 loci,
1916 3126 2134 3188 virum
2152 3125 2709 3204 praenominatum
2730 3145 2949 3188 coram

557 3243 628 3288 se
667 3226 1110 3305 comparuisse
1141 3227 1490 3288 undecimo
1537 3224 1835 3304 Januarij
1873 3235 1940 3287 et
1989 3226 2071 3287 de
2101 3225 2419 3304 gravibus
2468 3226 2951 3288 tentationibus

557 3336 1035 3406 conqvaestum,
1070 3345 1233 3406 qvas
1271 3323 1638 3406 [praecipue
1694 3326 2144 3388 intolerabiles
2173 3335 2368 3387 nocte
2414 3325 2952 3388 Circumcisionis

557 3426 868 3487 sensisset
925 3424 1024 3487 ac⁴
1078 3426 1525 3488 sustinuisset.
1662 3428 1895 3487 Pastor
1964 3425 2345 3500 suscitatus,
2411 3445 2494 3487 an
2565 3445 2635 3487 se
2733 3426 2950 3504 ipsum

556 3527 828 3604 perdere
857 3525 1150 3587 animum
1173 3526 1570 3600 induxisset,
1592 3527 1766 3605 qvod
1798 3535 2178 3587 constanter
2200 3525 2489 3603 negavit,
2517 3525 2951 3588 Deum'simul

558 3625 668 3705 pie
698 3635 1024 3704 precatuS,
1063 3635 1138 3687 ut
1170 3634 1431 3687 tantum
1461 3635 1719 3687 avertat
1750 3627 2018 3687 malum.
2112 3626 2387 3688 Interim
2418 3625 2773 3688 confitetur
2811 3634 2949 3688 tur·

558 3725 866 3788 buleutas
909 3725 1349 3803 cogitationes
1391 3727 1688 3786 animum
1748 3743 1943 3786 suum
1987 3725 2354 3805 inqvietare
2417 3726 2787 3805 praesertim
2845 3746 2945 3800 e0,

559 3827 733 3906 qvod
765 3825 1038 3888 familiae
1065 3843 1206 3888 suae
1235 3826 1318 3886 de
1348 3825 1753 3887 victualibus
1783 3807 1915 3886 non
1946 3825 2109 3887 satis
2137 3827 2303 3887 bene
2332 3826 2750 3904 prospexerit
2786 3827 2951 3902 (hoc

559 3935 780 3989 autem
837 3926 1107 3987 minime
1163 3945 1395 3988 verum
1454 3925 1606 3999 fuit,
1646 3944 1797 3986 nam
1855 3927 1937 3986 ad
1980 3926 2443 3988 sufficientiam
2501 3927 2946 4004 abundabat).

569 4025 835 4108 [Pastor
861 4046 983 4089 sua
1012 4025 1205 4088 offert
1235 4025 1447 4088 officia
1477 4035 1543 4087 et
1574 4035 1898 4105 qvantum
1926 4045 2094 4105 opus
2114 4036 2215 4088 est
2238 4025 2514 4100 auxilia,
2539 4026 2713 4104 qvod
2732 4026 2952 4105 ipsum

557 4128 895 4206 extemplo
925 4146 1014 4188 ex
1042 4135 1228 4205 parte
1274 4135 1568 4205 praestat.
1665 4125 1919 4187 Deinde
1962 4126 2445 4189 consolationes
2478 4145 2566 4187 ex
2596 4127 2798 4188 verbo
2829 4127 2951 4187 Dei

557 4229 979 4306 depromptas
1007 4225 1290 4288 fideliter
1319 4226 1709 4304 ingeminat,
1746 4226 1889 4305 ipso
1918 4246 1988 4288 se
2014 4226 2214 4288 simul
2242 4225 2628 4287 consolante
2656 4244 2745 4286 ex
2802 4225 2955 4304 alijs

557 4326 737 4390 verbi
774 4327 896 4388 Dei
925 4325 1283 4405 promissiS,
1321 4328 1485 4389 adeo
1516 4334 1590 4388 ut
1626 4326 2146 4406 tranqvilliorem
2192 4325 2666 4387 conscientiam
2693 4343 2835 4405 prae
2882 4345 2953 4388 se

558 4428 729 4489 ferre
774 4427 916 4505 ipsa
948 4425 1152 4488 facies
1199 4427 1539 4489 videretur
1567 4426 1636 4486 id
1687 4426 2212 4488 contestantibus
2242 4424 2663 4504 proprinqvis
2706 4426 2955 4504 pariter

556 4547 634 4589 ac
681 4522 1106 4588 domesticis.⁶
1192 4526 1446 4588 Deinde
1495 4525 1841 4588 Dominica
1887 4525 2193 4604 proxima
2244 4525 2327 4586 ab
2380 4524 2778 4603 Epiphania,
2851 4545 2949 4604 13.
