3242 5684
487 601 565 662 52
1463 593 1929 649 JSLANDJCA

496 769 707 842 albus,
770 769 971 848 pedes
1026 787 1285 850 qvoqve
1342 768 1575 842 rubet;
1651 767 1761 830 bic
1817 768 2016 830 etiam
2090 768 2406 844 hybernis
2476 769 2894 848 temporibus

497 868 757 931 visitur.
851 869 957 930 Ad
1018 869 1165 932 haec
1222 867 1438 946 grisea
1494 868 1658 942 avis,
1694 867 1924 942 lbmur,
1980 867 2180 930 etiam
2237 867 2596 944 himbn‘me,
2655 868 2885 948 fbella,

482 968 787 1048 jadrake,
812 969 1161 1030 bdz'nsltane
1184 969 1289 1030 vel
1316 967 1598 1048 sknfare
1625 969 1710 1030 ab
1730 967 2062 1030 indefesso
2091 977 2276 1030 motu
2299 965 2546 1031 rostri.¹
2589 969 2894 1048 Deniqve

500 1069 851 1143 motacilla,
886 1068 1215 1142 mar-thila,
1278 1067 1652 1148 steindepill,
1715 1067 2010 1142 cuculus,
2075 1068 2271 1149 kn'ja,
2333 1077 2400 1130 et
2459 1068 2571 1130 alii
2623 1068 2894 1149 qvidem

501 1169 879 1249 passerculi.
974 1171 1235 1230 Horum
1294 1176 1368 1230 ut
1427 1167 1694 1229 nomina
1749 1167 1844 1228 ita
1901 1167 2102 1229 etiam
2162 1167 2410 1246 figuras
2465 1169 2694 1232 multis
2743 1169 2900 1230 aliis

504 1268 887 1332 nationibus
914 1269 1247 1331 crederem
1275 1285 1418 1330 esse
1446 1266 1729 1346 ignotas.

589 1391 971 1467 Capitulum
1002 1393 1183 1452 xlv.
1270 1383 1633 1447 Occasione
1660 1383 2095 1462 praecedentis
2116 1384 2355 1464 capitis
2377 1386 2460 1447 ad
2484 1387 2896 1448 recitandam

504 1487 955 1564 conjecturam
1012 1501 1129 1546 seu
1185 1483 1565 1562 opinionem
1618 1483 2034 1562 plausibilem
2090 1484 2174 1546 de
2230 1485 2610 1548 emansione
2665 1487 2898 1548 avium

507 1585 909 1650 aestivalium
936 1583 1262 1663 prolabor,
1298 1601 1503 1662 eaqve
1546 1591 1647 1644 est
1699 1582 1966 1661 triplex.
2069 1585 2316 1646 Putant
2365 1585 2590 1665 aliqvi,
2627 1587 2896 1648 turbam

506 1685 915 1749 avicularum
965 1683 1303 1762 proximas
1351 1691 1559 1744 terras
1608 1683 2015 1762 temporibus
2065 1683 2516 1762 frigidissimis
2541 1704 2894 1765 occupare,

508 1787 681 1866 qvod
711 1793 865 1846 ante
896 1783 1085 1862 posui
1114 1783 1196 1844 de
1227 1781 1611 1860 majoribus.
1690 1782 1818 1844 Sed
1851 1781 2015 1844 mihi
2045 1801 2178 1844 non
2210 1783 2284 1846 fit
2315 1785 2478 1847 adeo
2506 1785 2892 1862 verisimile,

504 1903 733 1948 omnes
760 1885 921 1945 istas
950 1881 1429 1944 minutissimas
1473 1901 1732 1962 qvoqve
1761 1881 2156 1944 immensum
2205 1883 2409 1946 istum
2437 1903 2758 1947 oceanum
2809 1887 2896 1946 ad

510 1984 919 2048 Britanniam
950 2001 1157 2062 usqve
1176 1989 1301 2044 'aut
1332 1983 1509 2044 ultra
1538 1983 1766 2043 volatu
1787 1990 2208 2046 transmeare.
2303 1983 2650 2047 Crederem
2671 1985 2899 2065 potius

506 2087 575 2148 in
618 2084 1050 2148 vicinioribus
1091 2081 1346 2156 insuliS,
1384 2081 1573 2142 nobis
1602 2089 1824 2142 tamen
1867 2081 2134 2157 ignotis,
2171 2083 2358 2162 qvasi
2390 2084 2746 2147 Halcionia
2788 2087 2898 2148 vel

505 2186 649 2249 loca
677 2185 981 2267 qvaedam
1009 2181 1494 2260 temperatiora,
1531 2180 1664 2242 illis
1685 2199 1724 2242 a
1755 2183 1894 2244 Deo
1936 2192 2303 2260 preparata.
2397 2183 2534 2262 Alij
2587 2186 2892 2261 credunt,

506 2287 719 2348 dictas
760 2285 1055 2346 aviculas
1097 2290 1241 2344 toto
1284 2281 1539 2342 brumae
1581 2288 1874 2360 tempore
1902 2281 2258 2344 dormitare
2301 2292 2418 2346 aut
2448 2285 2782 2363 qviescere
2825 2286 2898 2348 in

508 2385 913 2458 abscondito,
948 2384 1128 2462 ligge
1156 2383 1187 2441 i
1211 2380 1399 2441 duale
1424 2380 1684 2459 ltjgesom
1733 2380 1926 2442 wiber
1959 2381 2066 2442 och
2115 2383 2320 2444 andre
2362 2403 2544 2444 smaa
2567 2385 2662 2464 fu
2677 2383 2799 2466 [g]
2813 2387 2890 2461 le,

506 2486 747 2565 qvibus
774 2481 1077 2544 assentiri
1102 2498 1441 2542 necessum
1468 2479 1663 2554 duce,
1699 2480 1754 2542 si
1773 2480 1878 2542 vel
1907 2481 2266 2560 vestigium
2293 2484 2502 2545 ullum
2533 2493 2648 2546 aut
2671 2505 2898 2548 exem-

506 2585 692 2664 plum
733 2582 881 2659 ejus
910 2582 977 2641 in
1011 2580 1205 2642 unica
1234 2587 1497 2641 tantum
1526 2579 1789 2642 avicula
1833 2589 2091 2642 extaret
2144 2582 2212 2643 in
2262 2583 2497 2661 patria,
2535 2587 2710 2663 qvod
2762 2605 2898 2647 non

506 2684 796 2747 invenie.
888 2680 1118 2743 Tertio
1176 2678 1589 2741 hariolantur
1647 2680 1934 2759 qvidam,
1973 2681 2194 2743 nescio
2252 2701 2336 2743 an
2393 2683 2716 2760 fabulose,
2749 2687 2897 2748 dari

506 2787 652 2848 loca
710 2783 1011 2862 qvaedam
1068 2779 1273 2858 hujus
1342 2779 1601 2854 insulae,
1667 2799 1816 2859 qvae
1873 2790 1938 2843 et
2009 2783 2264 2844 brumae
2323 2783 2571 2862 frigora
2643 2787 2898 2850 acriora

506 2885 821 2949 nesciant.
915 2882 1277 2945 Nominare
1331 2879 1486 2941 licet
1558 2881 1891 2942 convalles
1959 2882 2295 2960 qvasdam,
2374 2885 2560 2964 qvasi
2631 2905 2900 2967 campos

508 2986 753 3052 Elisios
801 2985 871 3044 in
902 2983 1202 3060 historijs
1236 2983 1477 3045 nostris
1526 2980 1907 3055 celebratas,
1943 2981 2295 3058 Aaradale,
2331 3004 2462 3064 qvo
2491 2987 2674 3048 nulla
2725 2987 2902 3050 a‘e'ris

506 3087 753 3164 injuria
824 3085 1199 3164 pertingere
1270 3083 1583 3145 creditur.
1717 3082 1938 3148 Locus
2007 3091 2184 3144 certe
2255 3085 2762 3162 amoenissimus,
2842 3090 2899 3150 si

508 3194 791 3261 extaret,
826 3185 941 3246 sed
972 3183 1202 3246 multis
1230 3192 1403 3245 retro
1431 3180 1696 3260 saeculis
1723 3181 1890 3242 nulli
1921 3183 2318 3259 mortalium,
2357 3194 2680 3263 qvantum
2724 3207 2892 3264 reor,

506 3287 613 3350 vel
670 3286 854 3348 visus
881 3284 989 3346 vel
1046 3283 1355 3361 cognitus
1413 3281 1659 3343 nedum
1715 3281 2002 3359 pervius.
2098 3285 2358 3346 Dantur
2415 3303 2572 3347 sane
2601 3287 2904 3366 insignes

506 3386 799 3459 latebrae,
834 3383 1190 3462 speluncae,
1227 3391 1418 3444 antra
1457 3380 1919 3455 formidabilia,
1956 3389 2092 3442 tam
2122 3383 2434 3446 vastitate
2464 3405 2660 3464 qvam
2719 3396 2898 3452 tene-

508 3485 664 3558 briS,
703 3483 816 3545 ubi
873 3482 1171 3561 profecto
1228 3483 1281 3542 si
1340 3499 1489 3561 qvae
1518 3481 1829 3542 animalia
1883 3479 2209 3558 digerent,
2243 3483 2574 3546 saevitiam
2631 3487 2904 3565 frigoris

510 3583 780 3646 minime
836 3581 1179 3643 sentirent.
1273 3583 1353 3642 In
1413 3581 1527 3642 tali
1586 3581 1870 3660 qvodam
1926 3581 2070 3642 loco
2127 3582 2302 3644 fama
2361 3584 2490 3646 fert
2535 3586 2902 3665 upilionem

511 3683 862 3765 qvaendam
891 3680 1049 3742 olim
1078 3680 1395 3758 reperisse
1427 3698 1662 3758 greges
1689 3679 1894 3758 hujus
1943 3681 2121 3743 modi
2151 3683 2562 3746 avicularum
2611 3687 2902 3752 brumali

511 3794 805 3862 tempore
862 3779 1333 3842 dormientium
1390 3788 1507 3842 aut
1560 3780 2188 3856 semianimatarum,
2252 3792 2448 3863 atqve
2508 3803 2708 3848 unam
2781 3801 2902 3855 aut

510 3888 785 3948 alteram
816 3880 1122 3943 manibus
1150 3887 1591 3942 contrectasse
1618 3902 1632 3954 ;
1679 3887 1906 3959 postea
1935 3899 2140 3943 verno
2162 3890 2454 3963 tempore
2484 3904 2636 3948 cum
2665 3889 2904 3952 eodem

510 3988 682 4050 forte
713 3985 981 4046 fortuna
1008 3981 1359 4056 deviasset,
1395 3998 1623 4041 omnes
1650 3981 1945 4042 avolasse
1975 3982 2292 4060 comperit
2320 3993 2564 4062 praeter
2591 4005 2702 4048 eas
2754 3997 2903 4052 tan·

510 4097 675 4161 tum,
713 4104 875 4165 qvas
903 4084 985 4145 ad
1016 4082 1261 4144 ostium
1291 4080 1463 4142 antri
1496 4080 1954 4144 contrectavit.
2049 4083 2299 4144 Praeter
2325 4083 2487 4146 istas
2528 4088 2908 4165 superiores

512 4187 765 4250 intrant
822 4194 889 4247 et
948 4184 1030 4244 ad
1090 4201 1211 4244 nos
1260 4181 1409 4243 aliae
1459 4181 1761 4260 qvaedam
1813 4179 2114 4255 aviculae,
2151 4201 2300 4261 qvae
2350 4203 2504 4246 vere
2555 4205 2687 4248 non
2736 4201 2902 4255 sunt

510 4285 911 4359 domesticae,
947 4301 1225 4363 qvarum
1284 4299 1415 4344 una
1446 4280 1908 4359 magnitudine
1963 4280 2251 4359 aqvilam
2281 4291 2396 4345 aut
2445 4284 2692 4348 olorem
2723 4290 2902 4353 adae-

511 4394 691 4467 qvat,
728 4386 898 4446 collo
925 4383 1091 4445 bene
1119 4382 1340 4460 longo,
1376 4390 1591 4444 rostro
1618 4380 1857 4442 leviter
1904 4381 2184 4455 adunco,
2220 4384 2431 4445 cauda
2481 4385 2898 4468 brevissima,

509 4485 729 4549 rubris
782 4483 1081 4563 pedibuS,
1116 4481 1429 4560 solidipes
1484 4490 1604 4555 est,
1642 4499 1791 4560 qvae
1847 4498 1996 4542 raro
2052 4481 2315 4560 qvidem
2373 4495 2643 4563 apparet
2701 4497 2769 4550 et
2827 4491 2903 4554 in

578 4617 596 4649 ¹
615 4621 684 4669 In
709 4616 807 4668 the
829 4613 1051 4682 margin
1079 4629 1091 4665 :
1126 4612 1197 4664 K
1188 4610 1541 4678 ielldusvijn.
