3242 5684
621 609 698 654 10
1567 607 2040 666 ISLANDICA

608 776 860 856 aliqvot
891 777 1192 839 homines
1219 779 1344 839 hac
1373 779 1610 856 hyeme
1640 779 1709 840 in
1738 779 2131 844 occidentali
2164 789 2383 844 tractu
2411 782 2538 844 sibi
2570 783 2791 845 vicino
2818 784 3023 845 subi-

609 883 804 938 tanea
861 885 1072 940 morte
1127 878 1434 956 abreptos
1491 879 1720 953 fuisse,
1754 880 1877 942 hos
1904 881 2031 944 iter
2088 881 2428 956 facientes,
2464 882 2613 944 illos
2667 884 3015 956 sedenteS,

607 976 772 1038 alios
799 985 1072 1052 stantes,
1109 986 1176 1039 et
1205 979 1390 1052 adeo,
1429 989 1502 1042 ut
1531 979 1763 1042 eodem
1792 990 2126 1044 momento
2154 982 2293 1044 vivi
2323 1000 2401 1044 ac
2429 983 2675 1044 mortui
2718 983 3011 1056 fuerint,

606 1095 888 1157 quorum
918 1078 1088 1140 duos
1135 1097 1224 1140 ex
1257 1076 1604 1142 Vikunum
1656 1090 1971 1154 recenset,
2008 1081 2179 1143 duos
2206 1081 2367 1144 item
2396 1102 2484 1145 ex
2548 1081 2959 1145 Hriinssokn
2998 1107 3017 1157 ς

607 1177 846 1241 horum
901 1177 1082 1255 prior
1137 1177 1392 1240 foenum
1449 1199 1538 1242 ex
1595 1178 1809 1241 foenili
1862 1181 1931 1241 in
1990 1191 2256 1261 pastum
2310 1181 2618 1244 dividens
2686 1183 3009 1257 moritur,

604 1278 930 1358 posterior
958 1296 1115 1341 vero
1141 1277 1562 1357 proficiscens
1589 1279 1839 1342 decidit
1881 1290 1947 1341 et
1978 1281 2299 1360 exspirat.
2394 1282 2643 1360 Muljer
2691 1284 3017 1363 qvaedam

609 1378 1005 1441 Kirkiubole
1060 1365 1833 1454 &nandarfiordensium,
1895 1382 2057 1443 dum
2114 1400 2383 1444 vaccam
2434 1383 2709 1460 mulget,
2758 1384 3021 1444 sedens

603 1479 920 1558 exspirat.
1013 1479 1092 1540 In
1117 1479 1598 1557 Sugandafirde
1618 1480 1775 1542 duae
1792 1480 2103 1558 mulieres
2124 1491 2189 1542 et
2215 1483 2549 1562 masculus
2578 1501 2753 1546 unus
2772 1483 3019 1545 subito

607 1579 1002 1641 moriuntur.
1094 1580 1177 1639 In
1219 1579 1669 1642 Skutulsfirde
1697 1580 1851 1642 duc.
1946 1584 2026 1642 In
2086 1581 2417 1643 Arnardal
2444 1583 2599 1646 duae
2656 1582 3009 1660 mulieres,

606 1681 688 1740 In
713 1678 1195 1756 Bolungarvijk
1221 1679 1552 1742 masculus
1572 1689 1641 1742 et
1664 1680 1957 1742 foemina.
2038 1681 2285 1759 Muljer
2304 1682 2435 1744 ista
2456 1683 2623 1760 vigil
2644 1692 2711 1744 et
2734 1683 3015 1760 integra

605 1778 988 1841 valetudine
1044 1778 1186 1856 igni
1215 1779 1510 1840 assidens
1566 1779 1637 1840 in
1665 1779 1997 1842 flammam
2055 1781 2471 1860 praecipitata
2500 1783 2802 1845 moritur.
2912 1786 3009 1845 In

603 1878 917 1958 parochia
940 1881 1066 1940 Dn.
1092 1878 1243 1942 Olai
1264 1876 1591 1941 Halldori¹
1621 1880 1825 1958 unjus
1852 1881 2244 1960 septimanae
2273 1890 2569 1962 tempore
2593 1901 2673 1944 20
2692 1883 3013 1944 homines

605 1979 916 2058 objerunt
935 1987 1001 2040 et
1031 1997 1070 2056 5
1091 1979 1470 2041 habitacula
1499 1980 1637 2041 fere
1666 1980 1962 2043 desolata
1986 1981 2282 2044 fuerunt.
2334 1983 2415 2044 In
2444 1983 2609 2046 Stad
2638 1982 3013 2062 (templum

603 2090 704 2144 est
753 2078 1614 2157 Steingrijmfi'ordensium)
1671 2099 1807 2142 uno
1856 2081 1963 2142 die
2015 2086 2053 2141 8
2106 2080 2342 2144 funera
2398 2083 2831 2161 sepeliuntur.
2928 2083 3005 2144 A

608 2181 1034 2244 Kalffuanese
1069 2180 1240 2255 (uno
1267 2182 1410 2241 solo
1439 2179 1859 2255 habitaculo)
1894 2181 2120 2242 decem
2151 2191 2267 2243 aut
2298 2183 2606 2244 undecim
2648 2183 3011 2245 subitanea

605 2293 814 2344 morte
869 2280 1230 2360 perierunt.
1320 2279 1653 2341 Viderunt
1709 2279 1911 2341 etiam
1970 2281 2431 2344 meridionales
2486 2283 2614 2344 hoc
2670 2291 3011 2346 autumno

601 2383 934 2462 specimen
993 2379 1198 2458 hujus
1255 2378 1466 2440 morbi
1524 2379 1773 2459 aliqvot
1830 2380 1900 2440 in
1972 2380 2134 2442 locis
2188 2382 2557 2459 praesertim
2638 2383 3001 2446 maritimis

604 2482 962 2545 nonnullis

687 2593 884 2651 Anno
932 2588 1088 2650 16⁰5
1149 2579 1256 2642 vel
1319 2589 1478 2648 16⁰6
1543 2575 1803 2659 *[circa
1861 2580 2058 2642 finem
2118 2581 2501 2644 Decembris
2555 2591 2673 2645 aut
2721 2583 3003 2645 initium

596 2682 932 2763 seqventis
975 2677 1300 2757 Januarij²
1344 2688 1739 2757 conspectus
1792 2689 1893 2742 est
1950 2701 1989 2742 a
2046 2681 2275 2743 multis
2316 2682 2553 2760 angvis
2609 2683 3005 2745 inhabitans

601 2801 862 2846 amnem
917 2779 1194 2859 Skapta,
1232 2779 1342 2858 qvi
1393 2789 1626 2842 ventre
1654 2780 1921 2859 qvidem
1970 2781 2273 2843 cinereus
2321 2782 2479 2844 alibi
2538 2791 2761 2846 autem
2800 2783 3003 2861 niger

603 2876 960 2962 apparuit.⁸

683 2993 881 3051 Anno
944 2990 1101 3050 16⁰6
1147 2978 1256 3044 Ex
1314 2979 1619 3040 orientali
1680 2980 1971 3042 Islandia
2029 2981 2315 3043 refertur
2374 2992 2743 3044 monstrum
2816 2983 2989 3046 illud

601 3083 1036 3162 angviforme,
1073 3081 1244 3160 qvod
1303 3079 1372 3140 in
1432 3079 1836 3156 Lagarfliote
1892 3080 2145 3142 iamdiu
2197 3081 2489 3156 delituit,
2534 3101 2687 3144 cum
2742 3082 2994 3160 triplici

599 3191 957 3246 curvatura
1001 3201 1070 3242 se
1117 3201 1205 3242 ex
1257 3180 1446 3260 aqvis
1473 3179 1785 3254 erexisse,
1823 3188 1888 3242 et
1918 3180 2122 3242 biduo
2158 3181 2477 3259 (singulis
2503 3181 2739 3244 diebus
2786 3185 2994 3245 semel

600 3292 674 3346 ut
724 3282 924 3363 puto)
980 3301 1050 3344 se
1099 3281 1460 3344 videndum
1511 3280 1921 3342 exhibuisse.
2013 3280 2214 3342 Anno
2242 3282 2471 3342 eodem
2504 3300 2602 3358 29.
2639 3281 2989 3363 Februarij

596 3383 826 3447 scribit
872 3381 1272 3446 Saemundus
1300 3379 1539 3440 Arneri
1589 3381 1957 3458 permultos
1984 3380 2284 3443 homines
2333 3381 2401 3441 in
2448 3363 2991 3445 ssafiardarsiislu

590 3486 718 3546 hoc
747 3502 920 3544 anno
948 3479 1498 3560 qvemadmodum
1515 3480 1852 3558 superiore
1883 3488 2092 3542 morte
2114 3481 2483 3556 subitanea,
2520 3492 2586 3544 et
2638 3483 2988 3561 plerosqve

596 3586 836 3645 horum
864 3582 991 3643 iter
1021 3580 1360 3653 facientes,
1390 3577 1653 3655 obijsse.
1744 3579 1988 3642 Scribit
2016 3588 2339 3658 praeterea
2389 3582 2515 3643 hac
2546 3583 2781 3657 hyeme
2828 3591 2989 3645 ante

597 3683 871 3744 Festum
903 3679 1298 3741 Nativitatis
1329 3678 1577 3740 Christi
1607 3697 1697 3740 ex
1728 3677 2183 3756 Bolungarvik
2214 3680 2721 3744 occidentalium
2774 3683 2985 3745 visam

597 3782 841 3844 nubem
870 3780 1259 3860 qvadratam
1305 3778 1375 3838 in
1416 3777 1566 3839 aete
1607 3779 1688 3839 ad
1742 3777 2158 3843 Evronotum
2204 3799 2479 3856 versus;
2526 3783 2989 3846 extremitates

594 3882 782 3944 iridis
813 3881 1062 3942 colores
1090 3878 1673 3956 repraesentabant,
1706 3879 1995 3940 medium
2025 3899 2181 3942 vero
2204 3881 2571 3957 fulgetrum
2600 3900 2719 3944 seu
2756 3882 2983 3945 lumen

594 3982 1012 4054 flammeum;
1059 3979 1203 4042 visa
1231 3987 1331 4040 est
1363 3987 1517 4039 ante
1544 3978 1677 4040 diei
1730 3987 2039 4040 exortum
2070 3981 2152 4040 ad
2203 3980 2544 4042 meridiem
2593 4000 2797 4062 usqve
2844 3983 2985 4046 fere

593 4081 968 4145 immobilis,
1075 4082 1332 4141 Rursus
1388 4079 1617 4139 eodem
1676 4097 1851 4140 anno
1916 4084 1989 4140 16
2048 4080 2358 4142 Octobris
2414 4082 2695 4143 relatum
2754 4093 2852 4145 est
2909 4083 2980 4144 in

592 4182 859 4246 rusculo
916 4180 1200 4260 qvodam
1260 4175 1593 4240 Niardvik
1643 4179 1865 4241 vicino
1924 4180 2539 4258 hermaphroditum
2598 4183 2802 4243 trium
2873 4185 2981 4246 vel

592 4292 878 4364 quatuor
908 4298 1252 4342 annorum.
1345 4281 1517 4340 Item
1548 4279 1617 4339 in
1650 4279 2173 4358 Flangast'odum
2199 4298 2479 4358 puerum
2509 4283 2977 4360 qvadriennem

589 4385 696 4447 vel
753 4382 1261 4462 qvinqvennem,
1299 4379 1410 4458 qvi
1470 4379 1788 4457 genitalia
1819 4379 2109 4441 membra
2166 4381 2565 4460 barbamqve
2608 4392 2675 4444 et
2732 4384 2973 4462 pubem

590 4484 800 4545 instar
855 4481 983 4544 viri
1041 4480 1251 4541 adulti
1310 4480 1549 4540 habeat
1598 4479 1913 4558 (putatur
1968 4498 2110 4541 esse
2152 4480 2601 4558 subdititius).
2694 4485 2866 4544 Item
2907 4485 2975 4546 in

590 4581 908 4646 suburbio
932 4577 1367 4642 Hlidarendae
1395 4579 1611 4656 (dicto
1633 4576 2153 4655 Nicholasshfis)
2176 4581 2464 4658 puellam
2485 4582 2973 4661 supposititiam

587 4700 968 4755 sexennem,
991 4679 1231 4759 quaein
1250 4678 1599 4741 cunabulis
1621 4679 1943 4740 recubans
1966 4679 2091 4740 sub
2112 4679 2284 4741 lecto
2302 4680 2539 4742 cubilis
2560 4682 2973 4746 eminentiori
