3242 5684
609 641 686 686 22
1564 636 2031 694 ISLANDICA

599 806 844 870 collum
901 807 1166 886 gracile,
1204 808 1396 888 qvale
1451 817 1554 870 eat
1610 809 1856 884 avium,
1912 809 2403 890 oblongumqve
2460 819 2529 872 et
2586 817 2981 880 tortuosum.

599 908 962 970 anteriores
989 909 1186 988 pedes
1214 908 1454 983 nullos,
1491 927 1708 970 armos
1759 909 1997 983 nullos,
2032 910 2331 988 spatulas
2376 910 2614 984 nullas,
2651 911 2989 973 vertebras

597 1007 810 1086 apinae
837 1008 1086 1087 pectori
1117 1009 1426 1072 adversas
1453 1009 1654 1070 duras
1682 1018 1750 1071 et
1801 1009 2231 1083 acuminatas,
2267 1019 2569 1072 ventrem
2628 1019 2988 1088 angustum

597 1126 716 1171 seu
743 1109 1071 1183 strictum,
1109 1108 1361 1171 femora
1388 1116 1454 1172 et
1482 1109 1713 1171 tenuia
1741 1117 1809 1170 et
1837 1109 2085 1184 brevia,
2120 1110 2517 1189 posteriores
2544 1111 2745 1190 pedes
2788 1129 2988 1190 supra

601 1209 869 1270 modum
917 1207 1359 1287 longissimos,
1393 1209 1683 1287 ungulas
1726 1209 2129 1283 incurvatas,
2166 1209 2363 1289 idqve
2408 1220 2475 1272 et
2515 1220 2896 1273 antrorsum
2922 1219 2987 1272 et

599 1307 670 1370 in
715 1309 942 1382 latera,
979 1308 1256 1370 caudam
1306 1308 1474 1370 bene
1503 1307 1770 1386 longam
1818 1309 2126 1389 villisqve
2153 1309 2461 1389 plurimis
2502 1310 2836 1384 vestitam,
2873 1328 2988 1388 per

599 1418 863 1484 tergora
891 1408 974 1470 ad
1004 1427 1196 1470 aures
1215 1426 1422 1488 usqve
1443 1408 1957 1486 pertingentem.
2050 1409 2317 1472 Gallina
2335 1411 2642 1489 qvaedam
2662 1409 2733 1472 in
2752 1409 2989 1472 insulis

599 1510 1182 1570 Westmannorum
1209 1509 1467 1586 pullum
1488 1507 1779 1570 exclusit
1806 1508 2294 1588 qvadripedem.
2390 1509 2635 1572 *Anno
2662 1511 2896 1572 eodem
2917 1509 2985 1569 in

594 1607 848 1688 praedio
881 1607 1162 1670 borealis
1208 1607 1522 1670 Islandiae
1580 1608 2051 1670 Hialltabacka
2107 1608 2429 1688 templum
2472 1609 2627 1688 igne
2680 1609 2988 1672 funditus

597 1708 890 1769 deletum
907 1716 1008 1768 est
1036 1727 1188 1770 cum
1217 1707 1570 1782 contentis,
1599 1726 1731 1787 qvo
1758 1718 1981 1770 autem
2008 1727 2165 1772 casu
2196 1709 2449 1771 factum
2478 1709 2587 1784 sit,
2614 1710 2981 1788 ignoratur.

597 1807 797 1869 Anno
853 1808 1084 1870 eodem
1141 1807 1210 1868 in
1269 1807 1633 1869 Novembri
1693 1807 1907 1870 tribus
1965 1809 2377 1871 hebdomatis
2443 1809 2579 1872 fere
2634 1809 2823 1872 visus
2886 1818 2985 1870 est

594 1917 850 1969 cometa
891 1907 1192 1985 insignis,
1228 1907 1424 1985 quus
1451 1907 1663 1969 cauda
1718 1926 1837 1969 seu
1864 1907 2130 1986 virgula
2186 1910 2527 1987 spectabat
2569 1907 2860 1972 coesiam¹
2918 1918 2983 1971 et

593 2008 842 2070 directe
869 2026 1133 2071 sursum
1164 2008 1476 2070 tendebat
1505 2008 1590 2069 ab
1636 2006 1997 2082 Evronoto,
2032 2008 2145 2087 qvi
2190 2009 2377 2072 visus
2419 2019 2519 2071 est
2565 2029 2827 2089 qvoqve
2869 2029 2984 2089 per

596 2109 876 2169 Daniam
905 2117 973 2170 et
1017 2108 1462 2178 Germaniam.
1498 2107 1695 2184 cujus
1722 2107 1926 2168 etiam
1983 2109 2285 2170 meminit
2314 2110 2655 2171 studiosus
2711 2110 2982 2189 qvidam

593 2206 1130 2272 Rostochiensis².
1261 2208 1460 2270 Anno
1503 2207 1733 2270 eodem
1780 2225 1859 2287 29
1899 2207 2061 2286 Julij
2110 2210 2417 2289 apparuit
2457 2209 2701 2288 passim
2745 2211 2985 2290 ingens

592 2309 768 2386 ignis
795 2310 1058 2388 eruptio
1086 2329 1174 2370 ex
1204 2309 1464 2388 alpibus
1491 2308 1947 2370 orientalibus.

674 2418 872 2477 Anno
919 2418 1078 2477 1620
1123 2407 1534 2483 Grimseyiar
1561 2408 1798 2470 incolae
1832 2408 1951 2485 (ad
1981 2408 2363 2488 aqvilonare
2404 2410 2583 2472 latus
2625 2407 2975 2487 Islandiae)

587 2510 670 2570 de
699 2518 1023 2570 autumno
1052 2509 1176 2570 visi
1207 2517 1363 2569 sunt
1393 2508 1618 2568 videre
1648 2527 1825 2570 mare
1854 2507 2383 2589 circumqvaqve,
2419 2528 2758 2590 qvousqve
2824 2530 2977 2573 ocu-

590 2610 804 2671 lorum
835 2609 1009 2670 acies
1036 2627 1106 2670 se
1136 2609 1494 2669 extendere
1523 2617 1804 2686 poterat,
1842 2608 2050 2670 instar
2078 2609 2421 2688 sangvinis
2450 2612 2705 2672 rubere.

673 2717 871 2777 Anno
905 2718 1061 2776 1622
1105 2707 1472 2784 *Hyberno
1517 2716 1811 2786 tempore
1854 2708 2041 2770 sinus
2086 2709 2365 2772 borealis
2408 2710 2720 2772 Islandiae
2778 2710 2977 2787 Eyia-

591 2808 853 2885 fjordur
893 2806 1105 2888 [qvasi
1137 2807 1206 2868 in
1237 2806 1627 2884 sangvinem
1658 2827 2015 2869 conversus
2045 2805 2401 2888 apparuit.⁸

673 2917 870 2976 Anno
903 2917 1060 2976 1623
1105 2905 1392 2969 *Tribus
1448 2916 1602 2968 ante
1656 2908 1963 2969 Natalem
2015 2909 2280 2970 Domini
2336 2910 2741 2988 septimaniS,
2777 2910 2977 2989 J'nxta

586 3009 815 3072 villam
844 2994 1182 3082 Athraun,
1219 3008 1524 3087 apparuit
1557 3007 1894 3069 horribilis
1949 3009 2061 3070 ille
2089 3009 2325 3087 angvis
2380 3011 2449 3071 in
2482 3010 2639 3072 Albi
2709 3009 2979 3092 [Hvita‘

587 3109 1038 3183 Skalholtensi
1096 3109 1410 3171 continue
1438 3108 1702 3170 duobus
1755 3108 1991 3170 diebus
2045 3118 2193 3190 post
2252 3112 2735 3189 crepusculum,
2770 3111 2973 3190 priori

587 3211 851 3290 qvidem
907 3229 1179 3289 vespera
1210 3217 1525 3288 perrupta
1583 3209 1795 3286 glacie
1852 3209 2035 3283 ade0,
2074 3209 2248 3272 utin
2308 3211 2600 3290 riparum
2644 3213 2981 3290 margines

586 3313 927 3373 exundare
971 3310 1245 3390 coeperit
1289 3309 1522 3384 amnis,
1557 3309 1628 3370 in
1658 3310 1918 3371 duabus
1959 3309 2335 3372 curvaturis
2362 3329 2481 3388 per
2524 3321 2973 3375 transversum

586 3430 864 3485 amnem,
902 3411 1260 3490 posteriore
1291 3419 1514 3471 autem
1544 3409 1614 3470 in
1649 3428 1781 3471 una
1810 3418 2170 3472 curvatura
2200 3411 2365 3472 adeo
2408 3430 2477 3473 se
2507 3413 2640 3474 alte
2697 3413 2967 3486 extulit,

587 3520 662 3573 ut
720 3511 1006 3590 proximi
1066 3509 1314 3570 montis
1373 3508 1685 3571 Hestfiall
1742 3508 2082 3570 dimidiam
2142 3510 2567 3573 altitudinem
2624 3513 2977 3593 adaeqvare

584 3610 945 3672 videretur.

668 3718 866 3778 Anno
899 3718 1058 3777 1624
1101 3708 1226 3770 *In
1278 3707 1642 3769 Novembri
1672 3708 1991 3786 templum
2040 3709 2215 3771 sedis
2242 3710 2635 3790 episcopalis
2679 3713 2977 3776 Holense

583 3810 653 3872 in
711 3810 957 3871 boreali
989 3809 1280 3870 Islandia
1337 3817 1727 3886 tempestate
1785 3808 2149 3888 collapsum
2206 3819 2325 3873 est.
2417 3810 2712 3877 *Eodem
2768 3814 2970 3876 etiam

583 3930 758 3972 anno
809 3910 1128 3988 templum
1159 3908 1664 3969 Bessastadense
1722 3908 1945 3985 (sedes
1974 3918 2075 3971 est
2104 3909 2268 3987 regij
2305 3912 2643 3990 praesidis)
2678 3911 2747 3973 in
2780 3914 2967 3975 meri·

579 4011 828 4072 dionali
859 4009 1152 4072 Islandia
1180 4008 1449 4070 corruit.
1542 4007 1758 4069 *Item
1789 4008 1919 4070 fuit
1955 4009 2239 4088 insignis
2268 4019 2707 4073 taerraemotus
2748 4010 2967 4093 [adeo,

582 4120 656 4174 ut
688 4111 988 4172 homines
1015 4119 1081 4172 et
1109 4109 1409 4187 jumenta
1439 4107 1991 4187 periclitarentur,
2031 4109 2409 4173 habitacula
2466 4111 2667 4173 etiam
2718 4114 2969 4193 aliqvot

577 4212 846 4290 penitus
901 4205 1334 4273 corruerent.⁶
1435 4212 1606 4270 Item
1666 4209 1733 4269 in
1791 4209 2028 4271 insulis
2087 4211 2667 4274 Westmannorum
2722 4213 2975 4276 dicitur

579 4321 779 4374 natus
807 4329 949 4373 esse
970 4330 1058 4372 ex
1088 4310 1511 4389 qvadrupede
1530 4327 1733 4370 vacca
1752 4309 2008 4371 vitulus
2037 4310 2295 4372 octonis
2314 4311 2612 4388 pedibuS.
2705 4313 2973 4391 Angv1s

579 4411 646 4474 in
677 4409 1081 4489 Lagarfliote
1110 4409 1532 4472 orientalium
1561 4409 1870 4488 apparuit
1898 4418 1966 4470 et
1994 4408 2261 4489 qvidem
2291 4411 2539 4487 multis,
2564 4414 2739 4491 qvod
2764 4415 2969 4492 vulgo

577 4514 861 4574 habetur
888 4531 1008 4591 pro
1062 4519 1392 4590 portento.
1486 4508 1738 4575 Eodem
1767 4528 1941 4570 anno
2000 4509 2215 4572 tribus
2270 4520 2387 4572 aut
2444 4521 2731 4591 quatuor
2787 4515 2974 4576 horis

578 4622 732 4675 ante
752 4613 897 4674 diei
929 4620 1239 4674 exortum
1270 4611 1508 4687 ingens
1538 4618 1957 4671 terraemotus
1988 4608 2056 4670 in
2084 4609 2497 4672 meridionali
2526 4613 2821 4675 Islandia
2850 4635 2972 4676 ex·-
