3242 5684
1085 587 1206 640 DE
1239 586 1464 640 MIRA
1472 586 1710 639 BILIB
1718 586 1815 639 US
2604 589 2684 650 47

291 760 530 834 solent,
566 778 843 839 qvarum
873 759 1024 822 aliae
1053 776 1308 837 semper
1335 758 1593 837 supinae
1621 765 1857 820 natant
1876 765 2090 820 rostro
2108 764 2371 819 tantum
2390 776 2478 818 ex
2502 755 2689 836 aqvis

294 861 650 935 eminente,
677 879 752 922 ac
771 860 923 922 inde
947 859 1298 922 wbduselar
1315 859 1649 939 appellati,
1674 859 1760 946 ali
1765 859 1827 936 Js
1840 859 2199 940 opnuselar,
2227 859 2293 920 id
2312 867 2433 932 est,
2455 859 2688 936 phocae

293 960 576 1040 supinae,
613 960 852 1040 qvibus
881 961 1045 1022 adeo
1074 960 1372 1022 fervidus
1397 959 1647 1021 dicitur
1674 978 1817 1022 esse
1844 959 2047 1022 flatus
2074 961 2179 1021 vel
2218 959 2573 1032 anhelitus,
2613 965 2687 1020 ut

293 1060 754 1122 densissimam
786 1061 1066 1138 glaciem
1094 1062 1235 1122 solo
1261 1059 1618 1138 spiramine
1648 1078 1973 1122 excavare
2002 1059 2279 1139 possint,
2316 1067 2511 1136 atqve
2561 1059 2689 1120 hoc

295 1161 494 1222 modo
550 1161 845 1240 perviam
901 1160 1028 1222 sibi
1086 1159 1360 1222 efficere.
1455 1162 1604 1222 Hoc
1663 1178 1875 1238 genus
1931 1161 2136 1237 vulgo
2191 1159 2694 1237 skiemmijngar

293 1260 737 1340 appellantur.
831 1260 1094 1340 Reliqvi
1125 1260 1208 1321 ab
1237 1261 1342 1322 his
1370 1268 1508 1322 tam
1538 1260 1805 1322 nomine
1834 1279 2030 1340 qvam
2060 1260 2278 1338 aliqva
2306 1268 2485 1322 certa
2529 1267 2686 1320 nota

291 1360 594 1438 distingv
602 1370 827 1434 untur,
853 1370 925 1423 ut
946 1369 1102 1422 sunt
1124 1360 1535 1434 blbdkuselar,
1549 1361 1921 1440 granselar,
1937 1360 2307 1441 flelleselar,
2334 1360 2680 1422 nordselar.

300 1461 436 1522 Hic
465 1461 631 1521 mihi
662 1461 1080 1523 commodum
1128 1461 1199 1522 in
1231 1470 1518 1522 mentem
1547 1461 1827 1523 veniunt
1856 1460 2069 1539 pisces
2097 1459 2361 1538 qvidam
2394 1465 2685 1539 rostang-

293 1580 396 1634 ar,
452 1560 565 1639 qvi
623 1561 798 1622 inter
826 1563 1072 1640 phocas
1128 1569 1193 1622 et
1257 1561 1525 1622 balenas
1584 1579 1855 1641 prorsus
1910 1561 2224 1622 videntur
2284 1559 2679 1633 intermedii,

295 1669 456 1722 sunt
501 1660 679 1721 enim
708 1661 1100 1738 vulgaribus
1126 1661 1358 1740 phocis
1387 1660 1689 1738 majoreS,
1726 1661 2027 1740 qvamvis
2056 1679 2282 1722 earum
2313 1662 2591 1722 formam
2620 1669 2686 1722 et

299 1759 583 1836 figuram
614 1769 1109 1839 repraesentent,
1145 1762 1225 1820 ad
1267 1781 1340 1837 14
1369 1761 1633 1822 circiter
1675 1761 1981 1822 ulnarum
2011 1760 2498 1838 longitudinem
2546 1779 2685 1840 per-

298 1860 602 1935 veniunt,
637 1861 951 1922 dentibus
993 1860 1356 1938 majoribus
1399 1861 1723 1938 insigniti,
1760 1860 1933 1922 inter
1976 1879 2139 1940 qvos
2179 1861 2315 1922 duo
2357 1861 2689 1940 praecipue

297 1959 675 2038 prominent
699 1969 764 2022 et
795 1961 1133 2022 excellunt
1165 1960 1248 2022 ad
1269 1960 1758 2038 longitudinem
1785 1961 1937 2040 plus
1966 1961 2185 2022 minus
2214 1961 2429 2040 sesqvi
2483 1962 2681 2032 ulnae,

295 2060 436 2138 qvi,
474 2079 624 2121 cum
656 2060 880 2122 haberi
913 2069 1210 2139 possunt,
1247 2061 1406 2122 solis
1433 2060 1705 2138 regibus
1732 2061 1919 2138 digni
1950 2061 2197 2122 tesauri
2243 2061 2679 2123 aestimantur.

300 2160 526 2238 Atqve
564 2162 888 2223 hactenus
929 2161 1240 2222 animalia
1281 2161 1506 2239 potius
1547 2180 1745 2240 qvam
1788 2179 1979 2222 veros
2020 2161 2231 2239 pisces
2275 2179 2689 2221 enumerasse

299 2261 551 2333 videor,
589 2281 758 2338 qvae,
783 2261 1210 2339 qvantumvis
1237 2262 1428 2339 plura
1459 2261 1630 2322 forte
1662 2260 2094 2338 reperiantur,
2124 2261 2205 2321 ad
2236 2278 2507 2321 nausem
2528 2261 2687 2321 reci-

297 2355 1139 2438 tare'desino.—Rajarum
1168 2360 1273 2422 vel
1303 2358 1821 2439 pustinacarum¹
1849 2361 1983 2422 duo
2015 2379 2255 2439 genera
2298 2361 2488 2434 addo,
2527 2361 2685 2422 alte-

301 2478 448 2521 rum
480 2461 653 2538 qvod
677 2460 1066 2536 cartilagine
1088 2462 1592 2534 constat,multo
1614 2461 1865 2522 minore
1887 2461 2101 2538 figura
2123 2470 2189 2522 et
2213 2479 2503 2539 corpore,
2529 2461 2686 2522 alte-

298 2579 450 2620 rum
481 2580 638 2622 vero
682 2561 1150 2638 grandiuscule
1193 2561 1516 2622 excrescit
1558 2561 1870 2622 solidiora
1915 2562 2166 2623 habens
2209 2581 2375 2634 ossa,
2415 2571 2689 2640 uterqve

299 2660 501 2738 piscis
520 2661 852 2722 communi
876 2661 1140 2722 nomine
1160 2660 1343 2720 skata
1367 2662 1757 2739 appellatur,
1786 2661 2421 2745 qvorum'minutula
2442 2661 2693 2741 species

297 2759 690 2820 tindabickz‘a
719 2760 987 2833 dicitur,
1022 2780 1101 2822 eo
1130 2762 1302 2838 qvod
1334 2778 1574 2838 corpus
1602 2761 1843 2823 habeat
1873 2764 2248 2824 aculeatum
2278 2763 2417 2824 sive
2460 2763 2688 2824 denta-

301 2869 448 2921 tum
477 2883 491 2933 3
539 2879 764 2921 omnes
794 2861 942 2922 istae
971 2861 1221 2939 species
1249 2869 1364 2922 aut
1398 2879 1596 2922 unam
1629 2870 1889 2922 tantum
1920 2872 2034 2923 aut
2069 2871 2202 2924 tres
2241 2871 2355 2924 aut
2405 2863 2690 2941 qvinqve

303 2969 422 3021 aut
454 2969 706 3038 septem
737 2969 852 3022 aut
885 2979 1120 3022 novem
1151 2961 1256 3022 vel
1287 2961 1486 3022 etiam
1507 2961 1823 3022 terdecim
1855 2981 1971 3040 pro
2000 2963 2371 3042 qvantitate
2400 2963 2691 3042 corporis

297 3061 405 3122 sui
437 3061 682 3122 caudas
701 3061 947 3122 habent
971 3069 1086 3122 aut
1115 3060 1339 3122 verius
1359 3061 1596 3138 pinnas
1624 3061 1965 3122 solidiores
1987 3062 2159 3123 circa
2189 3063 2464 3123 caudam
2491 3081 2689 3123 unam

303 3161 686 3222 maximam.
782 3163 1084 3222 Passeres
1112 3180 1264 3221 cum
1315 3161 1678 3238 majoribus
1706 3161 1905 3223 etiam
1958 3162 2243 3224 minores
2273 3164 2405 3222 huc
2456 3162 2691 3223 merito

301 3262 660 3340 pertinent,
697 3260 807 3340 qvi
838 3279 959 3322 sua
988 3261 1356 3338 qvantitate
1386 3261 1679 3322 maxima
1697 3263 1803 3323 vel
1832 3261 2007 3339 rajas
2036 3262 2319 3339 grandes
2346 3271 2682 3340 superant,

298 3361 788 3436 longitudinem
823 3361 993 3422 forte
1031 3379 1101 3438 15
1136 3361 1441 3422 ulnarum
1469 3361 1843 3422 sortiuntur
1872 3370 1937 3422 et
1970 3363 2162 3424 ultra.

389 3486 772 3557 Capitulum
802 3487 881 3546 Χ.
971 3479 1308 3540 Numerus
1363 3478 1644 3556 piscium
1703 3469 2243 3552 minusculorum,
2293 3477 2404 3558 qvi
2464 3497 2691 3541 revera

297 3578 520 3658 pisces
569 3588 723 3639 sunt
755 3579 861 3640 vel
912 3578 1062 3640 aliae
1091 3577 1346 3656 qvaevis
1395 3578 1747 3639 maritimae
1775 3573 2117 3652 creaturae,
2155 3598 2320 3656 pene
2370 3588 2468 3642 est
2500 3580 2689 3642 innu-

301 3677 660 3752 merabilis,
697 3678 982 3740 varietas
1039 3677 1548 3756 inexplicabili5‚
1585 3697 1663 3738 ac
1690 3679 1995 3756 plurimae
2052 3680 2226 3742 vires
2254 3689 2319 3742 et
2378 3681 2694 3742 miracula

294 3778 646 3855 incognita
673 3801 687 3852 ;
721 3777 961 3839 faciam
981 3786 1201 3838 tamen
1220 3777 1608 3854 periculum,
1635 3779 1807 3857 qvod
1823 3797 2111 3858 possum,
2136 3781 2499 3859 singularia
2519 3800 2691 3860 qvae-

297 3879 461 3938 dam
490 3886 556 3938 et
589 3877 930 3938 notissima
959 3878 1428 3939 enumerandO.
1522 3878 1784 3940 Primus
1805 3899 1892 3940 ex
1910 3899 2139 3941 eorum
2156 3881 2385 3942 ordine
2408 3881 2695 3944 occurrit

297 3977 507 4057 piscis
538 3977 944 4039 nostratibus
971 3978 1174 4056 ldnga
1205 3978 1574 4056 appellatus
1601 3987 1872 4057 propter
1899 3980 2339 4055 longitudinis
2368 3982 2692 4059 qvantita·

297 4088 463 4151 tem,
530 4097 656 4155 qva
717 4077 1000 4156 reliqvos
1057 4077 1194 4139 fere
1251 4095 1456 4157 usqve
1501 4079 1581 4138 ad
1643 4078 2032 4140 miraculum
2089 4081 2429 4158 praecellit,
2480 4080 2694 4158 figura

298 4179 582 4240 merulae
612 4197 742 4239 non
774 4177 1112 4239 absimilis,
1208 4178 1459 4239 Deinde
1489 4178 1783 4256 porskur,
1820 4178 2300 4257 asellus-major
2333 4181 2692 4240 communi·

297 4288 429 4340 ter.
526 4280 694 4338 Item
724 4279 906 4355 salpa
935 4277 1076 4340 sive
1107 4278 1376 4339 cabelia.
1470 4277 1737 4338 Asellus
1768 4279 1983 4339 mollis
2012 4280 2149 4353 Ῠεα,
2186 4288 2251 4341 et
2283 4279 2498 4339 minor
2524 4280 2687 4355 lffsa,

295 4379 480 4440 forte
537 4378 778 4440 lucius.
866 4377 1083 4451 Kez’la,
1147 4378 1300 4451 kole,
1365 4376 1592 4456 karffe,
1651 4376 1817 4450 ubse,
1884 4378 2261 4458 raudmage,
2315 4381 2689 4459 grdsleppa,

297 4479 726 4552 markndtur,
815 4477 1061 4552 krabbe,
1155 4477 1550 4551 krossfiskur,
1642 4476 2017 4552 stez‘nbffitur,
2108 4479 2230 4540 διο.
2368 4482 2696 4542 Praeterea

294 4578 578 4642 testacei
599 4579 812 4656 pisces
830 4578 1163 4639 variorum
1184 4595 1498 4655 generum
1528 4598 1540 4638 :
1588 4576 1851 4650 kziskz'el,
1875 4577 2211 4652 bdruskz‘el,
2237 4578 2691 4658 hbrpudiskur,

375 4711 390 4742 ¹
410 4715 480 4764 In
503 4711 604 4762 the
626 4709 850 4776 margin
876 4725 887 4760 :
926 4708 1203 4760 Platessas
1228 4709 1376 4760 forte
1400 4723 1515 4760 non
1540 4707 2016 4761 inconvenienter
2038 4710 2429 4777 appellaveris.
