<?xml version="1.0" encoding="UTF-8"?>
<!DOCTYPE html PUBLIC "-//W3C//DTD XHTML 1.0 Transitional//EN"
    "http://www.w3.org/TR/xhtml1/DTD/xhtml1-transitional.dtd">
<html xmlns="http://www.w3.org/1999/xhtml" xml:lang="en" lang="en">
 <head>
  <title>
</title>
<meta http-equiv="Content-Type" content="text/html;charset=utf-8" />
  <meta name='ocr-system' content='tesseract 3.04.00' />
  <meta name='ocr-capabilities' content='ocr_page ocr_carea ocr_par ocr_line ocrx_word'/>
</head>
<body>
  <div class='ocr_page' id='page_1' title='image "annaliuminislan00hermgoog_0031.png"; bbox 0 0 3242 5684; ppageno 0'>
   <div class='ocr_carea' id='block_1_1' title="bbox 687 664 2118 728">
    <p class='ocr_par' dir='ltr' id='par_1_1' title="bbox 687 664 2118 728">
     <span class='ocr_line' id='line_1_1' title="bbox 687 664 2118 728; baseline 0.004 -16"><span class='ocrx_word' id='word_1_1' title='bbox 687 671 729 728; x_wconf 85' lang='lat'>4</span> <span class='ocrx_word' id='word_1_2' title='bbox 1651 664 2118 720; x_wconf 76' lang='lat' dir='ltr'><em>JSLANDJCA</em></span> 
     </span>
    </p>
   </div>
   <div class='ocr_carea' id='block_1_2' title="bbox 679 833 3080 2013">
    <p class='ocr_par' dir='ltr' id='par_1_2' title="bbox 682 833 3080 1514">
     <span class='ocr_line' id='line_1_2' title="bbox 688 833 3078 916; baseline -0.001 -21"><span class='ocrx_word' id='word_1_3' title='bbox 688 841 986 896; x_wconf 84' lang='lat' dir='ltr'>mortuos</span> <span class='ocrx_word' id='word_1_4' title='bbox 1013 855 1175 910; x_wconf 88' lang='lat' dir='ltr'>esse,</span> <span class='ocrx_word' id='word_1_5' title='bbox 1212 853 1459 898; x_wconf 84' lang='lat' dir='ltr'>merces</span> <span class='ocrx_word' id='word_1_6' title='bbox 1486 855 1716 898; x_wconf 83' lang='lat' dir='ltr'>omnes</span> <span class='ocrx_word' id='word_1_7' title='bbox 1737 835 1807 897; x_wconf 91' lang='lat' dir='ltr'>in</span> <span class='ocrx_word' id='word_1_8' title='bbox 1839 835 2177 914; x_wconf 81' lang='lat' dir='ltr'>regionem</span> <span class='ocrx_word' id='word_1_9' title='bbox 2207 843 2647 916; x_wconf 86' lang='lat' dir='ltr'>exportarunt</span> <span class='ocrx_word' id='word_1_10' title='bbox 2677 853 2752 895; x_wconf 89' lang='lat' dir='ltr'>ac</span> <span class='ocrx_word' id='word_1_11' title='bbox 2785 833 3078 896; x_wconf 87' lang='lat' dir='ltr'>evolver-</span> 
     </span>
     <span class='ocr_line' id='line_1_3' title="bbox 688 935 3078 1016; baseline -0.002 -20"><span class='ocrx_word' id='word_1_12' title='bbox 688 943 833 1008; x_wconf 92' lang='lat' dir='ltr'>unt,</span> <span class='ocrx_word' id='word_1_13' title='bbox 868 943 1065 1015; x_wconf 87' lang='lat' dir='ltr'>atqve</span> <span class='ocrx_word' id='word_1_14' title='bbox 1093 955 1181 996; x_wconf 85' lang='lat' dir='ltr'>ex</span> <span class='ocrx_word' id='word_1_15' title='bbox 1210 935 1482 998; x_wconf 87' lang='lat' dir='ltr'>evoluto</span> <span class='ocrx_word' id='word_1_16' title='bbox 1510 935 1797 1016; x_wconf 89' lang='lat' dir='ltr'>qvodam</span> <span class='ocrx_word' id='word_1_17' title='bbox 1825 935 2182 1015; x_wconf 91' lang='lat' dir='ltr'>panniculo</span> <span class='ocrx_word' id='word_1_18' title='bbox 2219 935 2394 998; x_wconf 88' lang='lat' dir='ltr'>flavo</span> <span class='ocrx_word' id='word_1_19' title='bbox 2423 935 2773 1015; x_wconf 80' lang='lat' dir='ltr'>pulverum</span> <span class='ocrx_word' id='word_1_20' title='bbox 2825 935 3078 996; x_wconf 87' lang='lat' dir='ltr'>lentum</span> 
     </span>
     <span class='ocr_line' id='line_1_4' title="bbox 686 1032 3077 1116; baseline -0 -22"><span class='ocrx_word' id='word_1_21' title='bbox 686 1032 942 1096; x_wconf 84' lang='lat' dir='ltr'>fumum</span> <span class='ocrx_word' id='word_1_22' title='bbox 975 1035 1289 1098; x_wconf 82' lang='lat' dir='ltr'>exhalare</span> <span class='ocrx_word' id='word_1_23' title='bbox 1320 1036 1956 1112; x_wconf 85' lang='lat' dir='ltr'>animadverterunt,</span> <span class='ocrx_word' id='word_1_24' title='bbox 1988 1056 2119 1116; x_wconf 89' lang='lat' dir='ltr'>qvo</span> <span class='ocrx_word' id='word_1_25' title='bbox 2147 1037 2373 1098; x_wconf 90' lang='lat' dir='ltr'>statim</span> <span class='ocrx_word' id='word_1_26' title='bbox 2411 1035 2643 1098; x_wconf 76' lang='lat' dir='ltr'>infecti</span> <span class='ocrx_word' id='word_1_27' title='bbox 2691 1035 2865 1096; x_wconf 85' lang='lat' dir='ltr'>alios</span> <span class='ocrx_word' id='word_1_28' title='bbox 2895 1052 3077 1114; x_wconf 88' lang='lat' dir='ltr'>qvos-</span> 
     </span>
     <span class='ocr_line' id='line_1_5' title="bbox 683 1135 3076 1215; baseline -0.001 -19"><span class='ocrx_word' id='word_1_29' title='bbox 683 1153 943 1214; x_wconf 89' lang='lat' dir='ltr'>cunqve</span> <span class='ocrx_word' id='word_1_30' title='bbox 993 1135 1295 1198; x_wconf 88' lang='lat' dir='ltr'>homines</span> <span class='ocrx_word' id='word_1_31' title='bbox 1337 1135 1734 1198; x_wconf 76' lang='lat' dir='ltr'>infecerunt.</span> <span class='ocrx_word' id='word_1_32' title='bbox 1827 1136 2080 1215; x_wconf 86' lang='lat' dir='ltr'>Serpsit</span> <span class='ocrx_word' id='word_1_33' title='bbox 2111 1136 2351 1198; x_wconf 88' lang='lat' dir='ltr'>deinde</span> <span class='ocrx_word' id='word_1_34' title='bbox 2399 1135 2715 1214; x_wconf 84' lang='lat' dir='ltr'>pestilens</span> <span class='ocrx_word' id='word_1_35' title='bbox 2743 1135 2882 1196; x_wconf 88' lang='lat' dir='ltr'>ista</span> <span class='ocrx_word' id='word_1_36' title='bbox 2935 1153 3076 1195; x_wconf 90' lang='lat' dir='ltr'>con·</span> 
     </span>
     <span class='ocr_line' id='line_1_6' title="bbox 684 1233 3080 1314; baseline -0.001 -19"><span class='ocrx_word' id='word_1_37' title='bbox 684 1235 867 1312; x_wconf 88' lang='lat' dir='ltr'>tagio</span> <span class='ocrx_word' id='word_1_38' title='bbox 895 1254 1012 1313; x_wconf 90' lang='lat' dir='ltr'>per</span> <span class='ocrx_word' id='word_1_39' title='bbox 1034 1244 1169 1297; x_wconf 90' lang='lat' dir='ltr'>tres</span> <span class='ocrx_word' id='word_1_40' title='bbox 1195 1235 1435 1298; x_wconf 84' lang='lat' dir='ltr'>insulae</span> <span class='ocrx_word' id='word_1_41' title='bbox 1463 1244 1686 1314; x_wconf 87' lang='lat' dir='ltr'>partes</span> <span class='ocrx_word' id='word_1_42' title='bbox 1733 1235 2242 1312; x_wconf 89' lang='lat' dir='ltr'>(occidentalem</span> <span class='ocrx_word' id='word_1_43' title='bbox 2286 1235 2462 1296; x_wconf 90' lang='lat' dir='ltr'>enim</span> <span class='ocrx_word' id='word_1_44' title='bbox 2507 1253 2639 1296; x_wconf 91' lang='lat' dir='ltr'>non</span> <span class='ocrx_word' id='word_1_45' title='bbox 2683 1233 2930 1312; x_wconf 82' lang='lat' dir='ltr'>adijt),</span> <span class='ocrx_word' id='word_1_46' title='bbox 2969 1251 3080 1293; x_wconf 90' lang='lat' dir='ltr'>nec</span> 
     </span>
     <span class='ocr_line' id='line_1_7' title="bbox 682 1333 3076 1414; baseline -0.002 -18"><span class='ocrx_word' id='word_1_47' title='bbox 682 1335 959 1398; x_wconf 89' lang='lat' dir='ltr'>desaevit</span> <span class='ocrx_word' id='word_1_48' title='bbox 988 1335 1371 1414; x_wconf 89' lang='lat' dir='ltr'>priusqvam</span> <span class='ocrx_word' id='word_1_49' title='bbox 1402 1334 1665 1396; x_wconf 87' lang='lat' dir='ltr'>circiter</span> <span class='ocrx_word' id='word_1_50' title='bbox 1711 1335 2112 1410; x_wconf 89' lang='lat' dir='ltr'>Martinalia,</span> <span class='ocrx_word' id='word_1_51' title='bbox 2149 1343 2497 1414; x_wconf 88' lang='lat' dir='ltr'>postqvam</span> <span class='ocrx_word' id='word_1_52' title='bbox 2528 1343 2772 1414; x_wconf 88' lang='lat' dir='ltr'>praeter</span> <span class='ocrx_word' id='word_1_53' title='bbox 2823 1333 3076 1395; x_wconf 88' lang='lat' dir='ltr'>habita·</span> 
     </span>
     <span class='ocr_line' id='line_1_8' title="bbox 682 1435 2546 1514; baseline 0 -18"><span class='ocrx_word' id='word_1_54' title='bbox 682 1435 831 1496; x_wconf 90' lang='lat' dir='ltr'>cula</span> <span class='ocrx_word' id='word_1_55' title='bbox 862 1435 1180 1513; x_wconf 89' lang='lat' dir='ltr'>plurrima</span> <span class='ocrx_word' id='word_1_56' title='bbox 1210 1437 1410 1496; x_wconf 90' lang='lat' dir='ltr'>etiam</span> <span class='ocrx_word' id='word_1_57' title='bbox 1440 1435 1735 1513; x_wconf 87' lang='lat' dir='ltr'>integras</span> <span class='ocrx_word' id='word_1_58' title='bbox 1763 1435 2138 1514; x_wconf 89' lang='lat' dir='ltr'>provincias</span> <span class='ocrx_word' id='word_1_59' title='bbox 2167 1435 2546 1497; x_wconf 85' lang='lat' dir='ltr'>desolasset.</span> 
     </span>
    </p>

    <p class='ocr_par' dir='ltr' id='par_1_3' title="bbox 679 1531 3078 2013">
     <span class='ocr_line' id='line_1_9' title="bbox 766 1531 3078 1613; baseline -0.002 -17"><span class='ocrx_word' id='word_1_60' title='bbox 766 1544 964 1603; x_wconf 83' lang='lat' dir='ltr'>Anno</span> <span class='ocrx_word' id='word_1_61' title='bbox 998 1543 1157 1604; x_wconf 83' lang='lat'>1546</span> <span class='ocrx_word' id='word_1_62' title='bbox 1202 1531 1526 1613; x_wconf 85' lang='lat' dir='ltr'>Tempore</span> <span class='ocrx_word' id='word_1_63' title='bbox 1565 1554 1771 1596; x_wconf 87' lang='lat' dir='ltr'>verno</span> <span class='ocrx_word' id='word_1_64' title='bbox 1817 1535 2080 1596; x_wconf 89' lang='lat' dir='ltr'>circiter</span> <span class='ocrx_word' id='word_1_65' title='bbox 2125 1535 2501 1596; x_wconf 85' lang='lat' dir='ltr'>communia</span> <span class='ocrx_word' id='word_1_66' title='bbox 2541 1535 2974 1608; x_wconf 84' lang='lat' dir='ltr'>nostratium,</span> <span class='ocrx_word' id='word_1_67' title='bbox 3013 1541 3078 1593; x_wconf 90' lang='lat' dir='ltr'>ut</span> 
     </span>
     <span class='ocr_line' id='line_1_10' title="bbox 679 1632 3076 1714; baseline -0.001 -19"><span class='ocrx_word' id='word_1_68' title='bbox 679 1633 811 1695; x_wconf 90' lang='lat' dir='ltr'>dici</span> <span class='ocrx_word' id='word_1_69' title='bbox 869 1635 1057 1710; x_wconf 88' lang='lat' dir='ltr'>solet,</span> <span class='ocrx_word' id='word_1_70' title='bbox 1114 1632 1459 1713; x_wconf 89' lang='lat' dir='ltr'>migralia¹,</span> <span class='ocrx_word' id='word_1_71' title='bbox 1488 1633 1852 1714; x_wconf 81' lang='lat' dir='ltr'>fardagar,</span> <span class='ocrx_word' id='word_1_72' title='bbox 1905 1635 2238 1697; x_wconf 82' lang='lat' dir='ltr'>maximus</span> <span class='ocrx_word' id='word_1_73' title='bbox 2295 1645 2673 1697; x_wconf 86' lang='lat' dir='ltr'>nostrorum</span> <span class='ocrx_word' id='word_1_74' title='bbox 2725 1635 3076 1697; x_wconf 87' lang='lat' dir='ltr'>hominum</span> 
     </span>
     <span class='ocr_line' id='line_1_11' title="bbox 681 1733 3074 1814; baseline -0 -20"><span class='ocrx_word' id='word_1_75' title='bbox 681 1735 991 1795; x_wconf 88' lang='lat' dir='ltr'>memoria</span> <span class='ocrx_word' id='word_1_76' title='bbox 1020 1743 1437 1796; x_wconf 74' lang='lat' dir='ltr'>terraemotus</span> <span class='ocrx_word' id='word_1_77' title='bbox 1466 1735 1717 1810; x_wconf 84' lang='lat' dir='ltr'>extitit,</span> <span class='ocrx_word' id='word_1_78' title='bbox 1755 1733 1950 1812; x_wconf 87' lang='lat' dir='ltr'>cujus</span> <span class='ocrx_word' id='word_1_79' title='bbox 1979 1735 2270 1797; x_wconf 87' lang='lat' dir='ltr'>violenta</span> <span class='ocrx_word' id='word_1_80' title='bbox 2287 1735 2717 1796; x_wconf 85' lang='lat' dir='ltr'>concussione</span> <span class='ocrx_word' id='word_1_81' title='bbox 2740 1733 3074 1814; x_wconf 77' lang='lat' dir='ltr'>praedium</span> 
     </span>
     <span class='ocr_line' id='line_1_12' title="bbox 684 1821 3076 1916; baseline -0.001 -22"><span class='ocrx_word' id='word_1_82' title='bbox 684 1833 909 1895; x_wconf 90' lang='lat' dir='ltr'>Hialle</span> <span class='ocrx_word' id='word_1_83' title='bbox 938 1821 1399 1897; x_wconf 65' lang='lat' dir='ltr'>&amp;Ivesensium</span> <span class='ocrx_word' id='word_1_84' title='bbox 1431 1854 1581 1896; x_wconf 92' lang='lat' dir='ltr'>cum</span> <span class='ocrx_word' id='word_1_85' title='bbox 1611 1852 1786 1914; x_wconf 92' lang='lat' dir='ltr'>pago</span> <span class='ocrx_word' id='word_1_86' title='bbox 1813 1835 2035 1897; x_wconf 91' lang='lat' dir='ltr'>vicino</span> <span class='ocrx_word' id='word_1_87' title='bbox 2065 1835 2422 1916; x_wconf 87' lang='lat' dir='ltr'>multisqve</span> <span class='ocrx_word' id='word_1_88' title='bbox 2451 1835 2792 1912; x_wconf 85' lang='lat' dir='ltr'>contiguis</span> <span class='ocrx_word' id='word_1_89' title='bbox 2821 1835 3076 1896; x_wconf 88' lang='lat' dir='ltr'>habita·</span> 
     </span>
     <span class='ocr_line' id='line_1_13' title="bbox 683 1933 1569 2013; baseline 0.002 -19"><span class='ocrx_word' id='word_1_90' title='bbox 683 1933 977 1996; x_wconf 88' lang='lat' dir='ltr'>tionibus</span> <span class='ocrx_word' id='word_1_91' title='bbox 1003 1935 1271 2013; x_wconf 89' lang='lat' dir='ltr'>penitus</span> <span class='ocrx_word' id='word_1_92' title='bbox 1300 1935 1569 1997; x_wconf 87' lang='lat' dir='ltr'>corruit.</span> 
     </span>
    </p>
   </div>
   <div class='ocr_carea' id='block_1_3' title="bbox 678 2033 3078 2214">
    <p class='ocr_par' dir='ltr' id='par_1_4' title="bbox 678 2033 3078 2214">
     <span class='ocr_line' id='line_1_14' title="bbox 768 2033 3071 2114; baseline -0.002 -19"><span class='ocrx_word' id='word_1_93' title='bbox 768 2036 970 2096; x_wconf 90' lang='lat' dir='ltr'>Hunc</span> <span class='ocrx_word' id='word_1_94' title='bbox 991 2035 1257 2114; x_wconf 82' lang='lat' dir='ltr'>excepit</span> <span class='ocrx_word' id='word_1_95' title='bbox 1288 2035 1451 2096; x_wconf 87' lang='lat' dir='ltr'>alter</span> <span class='ocrx_word' id='word_1_96' title='bbox 1478 2045 1678 2104; x_wconf 83' lang='lat' dir='ltr'>Anno</span> <span class='ocrx_word' id='word_1_97' title='bbox 1713 2043 1893 2104; x_wconf 84' lang='lat'>1552.</span> <span class='ocrx_word' id='word_1_98' title='bbox 1987 2033 2149 2100; x_wconf 86' lang='lat' dir='ltr'>Erat</span> <span class='ocrx_word' id='word_1_99' title='bbox 2180 2052 2521 2113; x_wconf 88' lang='lat' dir='ltr'>vesperam</span> <span class='ocrx_word' id='word_1_100' title='bbox 2553 2033 3071 2106; x_wconf 78' lang='lat' dir='ltr'>PurificationiS,</span> 
     </span>
     <span class='ocr_line' id='line_1_15' title="bbox 678 2133 3078 2214; baseline -0.001 -18"><span class='ocrx_word' id='word_1_101' title='bbox 678 2153 883 2214; x_wconf 86' lang='lat' dir='ltr'>qvum</span> <span class='ocrx_word' id='word_1_102' title='bbox 912 2135 1133 2197; x_wconf 90' lang='lat' dir='ltr'>omnia</span> <span class='ocrx_word' id='word_1_103' title='bbox 1164 2145 1439 2198; x_wconf 87' lang='lat' dir='ltr'>tremere</span> <span class='ocrx_word' id='word_1_104' title='bbox 1468 2145 1533 2198; x_wconf 87' lang='lat' dir='ltr'>et</span> <span class='ocrx_word' id='word_1_105' title='bbox 1566 2135 1833 2197; x_wconf 90' lang='lat' dir='ltr'>concuti</span> <span class='ocrx_word' id='word_1_106' title='bbox 1865 2136 2270 2198; x_wconf 89' lang='lat' dir='ltr'>viderentur.</span> <span class='ocrx_word' id='word_1_107' title='bbox 2366 2135 2565 2196; x_wconf 89' lang='lat' dir='ltr'>Multi</span> <span class='ocrx_word' id='word_1_108' title='bbox 2595 2135 2916 2196; x_wconf 89' lang='lat' dir='ltr'>domibus</span> <span class='ocrx_word' id='word_1_109' title='bbox 2945 2133 3078 2196; x_wconf 88' lang='lat' dir='ltr'>suis</span> 
     </span>
    </p>
   </div>
   <div class='ocr_carea' id='block_1_4' title="bbox 664 2235 3074 4717">
    <p class='ocr_par' dir='ltr' id='par_1_5' title="bbox 677 2235 2770 2298">
     <span class='ocr_line' id='line_1_16' title="bbox 677 2235 2770 2298; baseline 0 -3"><span class='ocrx_word' id='word_1_110' title='bbox 677 2235 957 2297; x_wconf 89' lang='lat' dir='ltr'>desertis</span> <span class='ocrx_word' id='word_1_111' title='bbox 986 2235 1270 2298; x_wconf 90' lang='lat' dir='ltr'>tentoria</span> <span class='ocrx_word' id='word_1_112' title='bbox 1301 2244 1366 2298; x_wconf 91' lang='lat' dir='ltr'>et</span> <span class='ocrx_word' id='word_1_113' title='bbox 1398 2235 1707 2297; x_wconf 88' lang='lat' dir='ltr'>tabernas</span> <span class='ocrx_word' id='word_1_114' title='bbox 1734 2243 2094 2297; x_wconf 89' lang='lat' dir='ltr'>erexerunt</span> <span class='ocrx_word' id='word_1_115' title='bbox 2125 2236 2207 2296; x_wconf 91' lang='lat' dir='ltr'>ad</span> <span class='ocrx_word' id='word_1_116' title='bbox 2237 2235 2770 2297; x_wconf 88' lang='lat' dir='ltr'>inhabitandum.</span> 
     </span>
    </p>

    <p class='ocr_par' dir='ltr' id='par_1_6' title="bbox 676 2333 3074 2713">
     <span class='ocr_line' id='line_1_17' title="bbox 761 2333 3074 2414; baseline -0.001 -18"><span class='ocrx_word' id='word_1_117' title='bbox 761 2333 1031 2397; x_wconf 87' lang='lat' dir='ltr'>Tertius</span> <span class='ocrx_word' id='word_1_118' title='bbox 1078 2335 1331 2398; x_wconf 89' lang='lat' dir='ltr'>accedit</span> <span class='ocrx_word' id='word_1_119' title='bbox 1368 2344 1520 2405; x_wconf 86' lang='lat'>1581</span> <span class='ocrx_word' id='word_1_120' title='bbox 1584 2355 1791 2398; x_wconf 87' lang='lat' dir='ltr'>verno</span> <span class='ocrx_word' id='word_1_121' title='bbox 1821 2344 2114 2414; x_wconf 90' lang='lat' dir='ltr'>tempore</span> <span class='ocrx_word' id='word_1_122' title='bbox 2176 2344 2249 2397; x_wconf 91' lang='lat' dir='ltr'>ut</span> <span class='ocrx_word' id='word_1_123' title='bbox 2308 2335 2582 2414; x_wconf 75' lang='lat' dir='ltr'>primuS,</span> <span class='ocrx_word' id='word_1_124' title='bbox 2619 2335 2731 2414; x_wconf 90' lang='lat' dir='ltr'>qvi</span> <span class='ocrx_word' id='word_1_125' title='bbox 2781 2335 3074 2414; x_wconf 87' lang='lat' dir='ltr'>plurima</span> 
     </span>
     <span class='ocr_line' id='line_1_18' title="bbox 678 2435 3072 2515; baseline -0.001 -19"><span class='ocrx_word' id='word_1_126' title='bbox 678 2435 1267 2512; x_wconf 89' lang='lat' dir='ltr'>Rangvellensium</span> <span class='ocrx_word' id='word_1_127' title='bbox 1298 2435 1678 2497; x_wconf 89' lang='lat' dir='ltr'>habitacula</span> <span class='ocrx_word' id='word_1_128' title='bbox 1707 2435 1915 2497; x_wconf 87' lang='lat' dir='ltr'>diruit</span> <span class='ocrx_word' id='word_1_129' title='bbox 1939 2436 2124 2510; x_wconf 90' lang='lat' dir='ltr'>adeo,</span> <span class='ocrx_word' id='word_1_130' title='bbox 2161 2444 2237 2497; x_wconf 96' lang='lat' dir='ltr'>ut</span> <span class='ocrx_word' id='word_1_131' title='bbox 2267 2436 2518 2515; x_wconf 90' lang='lat' dir='ltr'>aliqvot</span> <span class='ocrx_word' id='word_1_132' title='bbox 2549 2435 2856 2497; x_wconf 89' lang='lat' dir='ltr'>homines</span> <span class='ocrx_word' id='word_1_133' title='bbox 2875 2435 3072 2497; x_wconf 90' lang='lat' dir='ltr'>etiam</span> 
     </span>
     <span class='ocr_line' id='line_1_19' title="bbox 676 2535 3072 2613; baseline -0.001 -17"><span class='ocrx_word' id='word_1_134' title='bbox 676 2536 1022 2596; x_wconf 91' lang='lat' dir='ltr'>domorum</span> <span class='ocrx_word' id='word_1_135' title='bbox 1054 2535 1246 2595; x_wconf 91' lang='lat' dir='ltr'>ruina</span> <span class='ocrx_word' id='word_1_136' title='bbox 1282 2535 1593 2613; x_wconf 87' lang='lat' dir='ltr'>perirent.</span> <span class='ocrx_word' id='word_1_137' title='bbox 1689 2535 2026 2596; x_wconf 89' lang='lat' dir='ltr'>Minorum</span> <span class='ocrx_word' id='word_1_138' title='bbox 2057 2544 2556 2597; x_wconf 89' lang='lat' dir='ltr'>terraemotuum</span> <span class='ocrx_word' id='word_1_139' title='bbox 2607 2555 2740 2597; x_wconf 90' lang='lat' dir='ltr'>non</span> <span class='ocrx_word' id='word_1_140' title='bbox 2769 2545 2876 2598; x_wconf 89' lang='lat' dir='ltr'>est</span> <span class='ocrx_word' id='word_1_141' title='bbox 2927 2555 3072 2597; x_wconf 92' lang='lat' dir='ltr'>con-</span> 
     </span>
     <span class='ocr_line' id='line_1_20' title="bbox 677 2634 3068 2713; baseline -0 -18"><span class='ocrx_word' id='word_1_142' title='bbox 677 2635 982 2712; x_wconf 89' lang='lat' dir='ltr'>signatus</span> <span class='ocrx_word' id='word_1_143' title='bbox 1012 2653 1346 2696; x_wconf 67' lang='lat' dir='ltr'>numerus</span> <span class='ocrx_word' id='word_1_144' title='bbox 1442 2635 1535 2695; x_wconf 89' lang='lat' dir='ltr'>Hi</span> <span class='ocrx_word' id='word_1_145' title='bbox 1573 2652 1730 2697; x_wconf 89' lang='lat' dir='ltr'>vero</span> <span class='ocrx_word' id='word_1_146' title='bbox 1761 2644 2130 2713; x_wconf 89' lang='lat' dir='ltr'>puntantur</span> <span class='ocrx_word' id='word_1_147' title='bbox 2177 2636 2474 2698; x_wconf 91' lang='lat' dir='ltr'>omnium</span> <span class='ocrx_word' id='word_1_148' title='bbox 2507 2635 2712 2697; x_wconf 76' lang='lat' dir='ltr'>fuisse</span> <span class='ocrx_word' id='word_1_149' title='bbox 2763 2634 3068 2697; x_wconf 83' lang='lat' dir='ltr'>maximi.</span> 
     </span>
    </p>

    <p class='ocr_par' dir='ltr' id='par_1_7' title="bbox 670 2735 3074 4015">
     <span class='ocr_line' id='line_1_21' title="bbox 762 2735 3072 2815; baseline 0.001 -20"><span class='ocrx_word' id='word_1_150' title='bbox 762 2743 959 2802; x_wconf 82' lang='lat' dir='ltr'>Anno</span> <span class='ocrx_word' id='word_1_151' title='bbox 995 2742 1150 2804; x_wconf 85' lang='lat'>1547</span> <span class='ocrx_word' id='word_1_152' title='bbox 1183 2742 1297 2795; x_wconf 90' lang='lat' dir='ltr'>aut</span> <span class='ocrx_word' id='word_1_153' title='bbox 1329 2755 1407 2796; x_wconf 89' lang='lat' dir='ltr'>eo</span> <span class='ocrx_word' id='word_1_154' title='bbox 1430 2735 1692 2796; x_wconf 88' lang='lat' dir='ltr'>circiter</span> <span class='ocrx_word' id='word_1_155' title='bbox 1713 2735 1783 2796; x_wconf 94' lang='lat' dir='ltr'>in</span> <span class='ocrx_word' id='word_1_156' title='bbox 1807 2735 2058 2813; x_wconf 83' lang='lat' dir='ltr'>praedio</span> <span class='ocrx_word' id='word_1_157' title='bbox 2076 2736 2361 2815; x_wconf 86' lang='lat' dir='ltr'>qvodam</span> <span class='ocrx_word' id='word_1_158' title='bbox 2383 2736 2628 2797; x_wconf 89' lang='lat' dir='ltr'>boreali</span> <span class='ocrx_word' id='word_1_159' title='bbox 2655 2736 3072 2811; x_wconf 58' lang='lat' dir='ltr'>Skffdastod-</span> 
     </span>
     <span class='ocr_line' id='line_1_22' title="bbox 680 2834 3074 2916; baseline -0 -20"><span class='ocrx_word' id='word_1_160' title='bbox 680 2853 792 2896; x_wconf 92' lang='lat' dir='ltr'>um</span> <span class='ocrx_word' id='word_1_161' title='bbox 822 2835 843 2894; x_wconf 93' lang='lat' dir='ltr'>i</span> <span class='ocrx_word' id='word_1_162' title='bbox 872 2834 1169 2896; x_wconf 89' lang='lat' dir='ltr'>Watsdal</span> <span class='ocrx_word' id='word_1_163' title='bbox 1208 2835 1596 2896; x_wconf 87' lang='lat' dir='ltr'>habitarunt</span> <span class='ocrx_word' id='word_1_164' title='bbox 1628 2834 1968 2912; x_wconf 76' lang='lat' dir='ltr'>conjugeS,</span> <span class='ocrx_word' id='word_1_165' title='bbox 2005 2835 2116 2915; x_wconf 90' lang='lat' dir='ltr'>qvi</span> <span class='ocrx_word' id='word_1_166' title='bbox 2147 2854 2250 2896; x_wconf 90' lang='lat' dir='ltr'>res</span> <span class='ocrx_word' id='word_1_167' title='bbox 2288 2837 2665 2898; x_wconf 87' lang='lat' dir='ltr'>habuerunt</span> <span class='ocrx_word' id='word_1_168' title='bbox 2712 2837 2781 2897; x_wconf 94' lang='lat' dir='ltr'>in</span> <span class='ocrx_word' id='word_1_169' title='bbox 2835 2854 3074 2916; x_wconf 90' lang='lat' dir='ltr'>pecore</span> 
     </span>
     <span class='ocr_line' id='line_1_23' title="bbox 677 2935 3072 3016; baseline 0 -20"><span class='ocrx_word' id='word_1_170' title='bbox 677 2954 1059 2997; x_wconf 89' lang='lat' dir='ltr'>numerosas</span> <span class='ocrx_word' id='word_1_171' title='bbox 1089 2935 1433 2997; x_wconf 90' lang='lat' dir='ltr'>necminus</span> <span class='ocrx_word' id='word_1_172' title='bbox 1461 2936 1772 3013; x_wconf 88' lang='lat' dir='ltr'>operibus</span> <span class='ocrx_word' id='word_1_173' title='bbox 1800 2937 2222 2998; x_wconf 89' lang='lat' dir='ltr'>oeconomicis</span> <span class='ocrx_word' id='word_1_174' title='bbox 2248 2936 2482 2998; x_wconf 91' lang='lat' dir='ltr'>diebus</span> <span class='ocrx_word' id='word_1_175' title='bbox 2513 2946 2586 2999; x_wconf 91' lang='lat' dir='ltr'>ut</span> <span class='ocrx_word' id='word_1_176' title='bbox 2615 2937 2938 3016; x_wconf 82' lang='lat' dir='ltr'>profestis</span> <span class='ocrx_word' id='word_1_177' title='bbox 2983 2937 3072 2998; x_wconf 89' lang='lat' dir='ltr'>ita</span> 
     </span>
     <span class='ocr_line' id='line_1_24' title="bbox 674 3035 3072 3115; baseline -0.001 -17"><span class='ocrx_word' id='word_1_178' title='bbox 674 3036 861 3098; x_wconf 83' lang='lat' dir='ltr'>festis</span> <span class='ocrx_word' id='word_1_179' title='bbox 910 3056 980 3097; x_wconf 90' lang='lat' dir='ltr'>se</span> <span class='ocrx_word' id='word_1_180' title='bbox 1009 3054 1324 3115; x_wconf 89' lang='lat' dir='ltr'>suamqve</span> <span class='ocrx_word' id='word_1_181' title='bbox 1376 3035 1699 3096; x_wconf 86' lang='lat' dir='ltr'>familiam</span> <span class='ocrx_word' id='word_1_182' title='bbox 1728 3036 2086 3115; x_wconf 90' lang='lat' dir='ltr'>plurimum</span> <span class='ocrx_word' id='word_1_183' title='bbox 2140 3037 2622 3115; x_wconf 89' lang='lat' dir='ltr'>manciparunt.</span> <span class='ocrx_word' id='word_1_184' title='bbox 2715 3036 3072 3100; x_wconf 88' lang='lat' dir='ltr'>Autumno</span> 
     </span>
     <span class='ocr_line' id='line_1_25' title="bbox 675 3136 3071 3216; baseline -0.001 -18"><span class='ocrx_word' id='word_1_185' title='bbox 675 3145 897 3198; x_wconf 91' lang='lat' dir='ltr'>autem</span> <span class='ocrx_word' id='word_1_186' title='bbox 929 3136 1306 3215; x_wconf 87' lang='lat' dir='ltr'>vespertino</span> <span class='ocrx_word' id='word_1_187' title='bbox 1336 3138 1619 3216; x_wconf 86' lang='lat' dir='ltr'>qvodam</span> <span class='ocrx_word' id='word_1_188' title='bbox 1664 3144 1978 3215; x_wconf 89' lang='lat' dir='ltr'>tempore,</span> <span class='ocrx_word' id='word_1_189' title='bbox 2016 3137 2177 3198; x_wconf 91' lang='lat' dir='ltr'>dum</span> <span class='ocrx_word' id='word_1_190' title='bbox 2207 3137 2416 3215; x_wconf 89' lang='lat' dir='ltr'>upilio</span> <span class='ocrx_word' id='word_1_191' title='bbox 2465 3155 2622 3198; x_wconf 88' lang='lat' dir='ltr'>oves</span> <span class='ocrx_word' id='word_1_192' title='bbox 2651 3145 2716 3198; x_wconf 90' lang='lat' dir='ltr'>et</span> <span class='ocrx_word' id='word_1_193' title='bbox 2768 3144 3071 3200; x_wconf 90' lang='lat' dir='ltr'>armenta</span> 
     </span>
     <span class='ocr_line' id='line_1_26' title="bbox 672 3236 3068 3316; baseline -0.001 -17"><span class='ocrx_word' id='word_1_194' title='bbox 672 3246 937 3316; x_wconf 88' lang='lat' dir='ltr'>pastum</span> <span class='ocrx_word' id='word_1_195' title='bbox 969 3236 1282 3315; x_wconf 87' lang='lat' dir='ltr'>abigeret,</span> <span class='ocrx_word' id='word_1_196' title='bbox 1320 3256 1509 3299; x_wconf 89' lang='lat' dir='ltr'>mons</span> <span class='ocrx_word' id='word_1_197' title='bbox 1537 3236 1802 3298; x_wconf 89' lang='lat' dir='ltr'>vicinus</span> <span class='ocrx_word' id='word_1_198' title='bbox 1831 3245 2069 3315; x_wconf 89' lang='lat' dir='ltr'>ruptus</span> <span class='ocrx_word' id='word_1_199' title='bbox 2097 3244 2197 3298; x_wconf 87' lang='lat' dir='ltr'>est</span> <span class='ocrx_word' id='word_1_200' title='bbox 2243 3236 2698 3299; x_wconf 89' lang='lat' dir='ltr'>habitaculum</span> <span class='ocrx_word' id='word_1_201' title='bbox 2728 3237 2954 3316; x_wconf 88' lang='lat' dir='ltr'>ipsum</span> <span class='ocrx_word' id='word_1_202' title='bbox 3006 3243 3068 3296; x_wconf 90' lang='lat' dir='ltr'>et</span> 
     </span>
     <span class='ocr_line' id='line_1_27' title="bbox 674 3335 3068 3417; baseline -0.002 -19"><span class='ocrx_word' id='word_1_203' title='bbox 674 3337 986 3417; x_wconf 92' lang='lat' dir='ltr'>qvicqvid</span> <span class='ocrx_word' id='word_1_204' title='bbox 1017 3337 1109 3399; x_wconf 89' lang='lat' dir='ltr'>ibi</span> <span class='ocrx_word' id='word_1_205' title='bbox 1141 3356 1359 3399; x_wconf 88' lang='lat' dir='ltr'>rerum</span> <span class='ocrx_word' id='word_1_206' title='bbox 1391 3346 1784 3415; x_wconf 89' lang='lat' dir='ltr'>congestum</span> <span class='ocrx_word' id='word_1_207' title='bbox 1817 3337 2034 3398; x_wconf 76' lang='lat' dir='ltr'>fuerat</span> <span class='ocrx_word' id='word_1_208' title='bbox 2066 3355 2218 3398; x_wconf 89' lang='lat' dir='ltr'>cum</span> <span class='ocrx_word' id='word_1_209' title='bbox 2250 3335 2560 3398; x_wconf 86' lang='lat' dir='ltr'>universa</span> <span class='ocrx_word' id='word_1_210' title='bbox 2590 3335 2842 3398; x_wconf 85' lang='lat' dir='ltr'>familia</span> <span class='ocrx_word' id='word_1_211' title='bbox 2895 3347 3068 3399; x_wconf 88' lang='lat' dir='ltr'>terra</span> 
     </span>
     <span class='ocr_line' id='line_1_28' title="bbox 671 3436 3066 3516; baseline -0.001 -18"><span class='ocrx_word' id='word_1_212' title='bbox 671 3437 982 3516; x_wconf 85' lang='lat' dir='ltr'>saxisqve</span> <span class='ocrx_word' id='word_1_213' title='bbox 1005 3438 1311 3511; x_wconf 80' lang='lat' dir='ltr'>obruenS,</span> <span class='ocrx_word' id='word_1_214' title='bbox 1349 3436 1544 3514; x_wconf 88' lang='lat' dir='ltr'>cujus</span> <span class='ocrx_word' id='word_1_215' title='bbox 1573 3437 1857 3515; x_wconf 89' lang='lat' dir='ltr'>vestigia</span> <span class='ocrx_word' id='word_1_216' title='bbox 1886 3437 1955 3496; x_wconf 93' lang='lat' dir='ltr'>in</span> <span class='ocrx_word' id='word_1_217' title='bbox 1988 3437 2382 3498; x_wconf 90' lang='lat' dir='ltr'>hodiernum</span> <span class='ocrx_word' id='word_1_218' title='bbox 2431 3454 2637 3515; x_wconf 89' lang='lat' dir='ltr'>usqve</span> <span class='ocrx_word' id='word_1_219' title='bbox 2676 3437 2855 3498; x_wconf 90' lang='lat' dir='ltr'>diem</span> <span class='ocrx_word' id='word_1_220' title='bbox 2911 3443 3066 3499; x_wconf 89' lang='lat' dir='ltr'>sunt</span> 
     </span>
     <span class='ocr_line' id='line_1_29' title="bbox 674 3535 3068 3616; baseline -0.001 -20"><span class='ocrx_word' id='word_1_221' title='bbox 674 3537 1050 3614; x_wconf 89' lang='lat' dir='ltr'>conspicua.</span> <span class='ocrx_word' id='word_1_222' title='bbox 1146 3538 1225 3596; x_wconf 89' lang='lat' dir='ltr'>In</span> <span class='ocrx_word' id='word_1_223' title='bbox 1276 3536 1553 3614; x_wconf 90' lang='lat' dir='ltr'>planitie</span> <span class='ocrx_word' id='word_1_224' title='bbox 1605 3555 1763 3597; x_wconf 91' lang='lat' dir='ltr'>vero</span> <span class='ocrx_word' id='word_1_225' title='bbox 1814 3554 1932 3597; x_wconf 90' lang='lat' dir='ltr'>seu</span> <span class='ocrx_word' id='word_1_226' title='bbox 1983 3537 2174 3610; x_wconf 87' lang='lat' dir='ltr'>valle,</span> <span class='ocrx_word' id='word_1_227' title='bbox 2211 3555 2342 3616; x_wconf 91' lang='lat' dir='ltr'>qva</span> <span class='ocrx_word' id='word_1_228' title='bbox 2392 3537 2605 3597; x_wconf 87' lang='lat' dir='ltr'>amnis</span> <span class='ocrx_word' id='word_1_229' title='bbox 2665 3537 2936 3611; x_wconf 88' lang='lat' dir='ltr'>labitur,</span> <span class='ocrx_word' id='word_1_230' title='bbox 2976 3535 3068 3597; x_wconf 90' lang='lat' dir='ltr'>cis</span> 
     </span>
     <span class='ocr_line' id='line_1_30' title="bbox 672 3635 3064 3714; baseline 0.001 -19"><span class='ocrx_word' id='word_1_231' title='bbox 672 3636 935 3696; x_wconf 89' lang='lat' dir='ltr'>alveum</span> <span class='ocrx_word' id='word_1_232' title='bbox 964 3644 1191 3714; x_wconf 90' lang='lat' dir='ltr'>aperta</span> <span class='ocrx_word' id='word_1_233' title='bbox 1222 3643 1321 3696; x_wconf 91' lang='lat' dir='ltr'>est</span> <span class='ocrx_word' id='word_1_234' title='bbox 1352 3650 1543 3708; x_wconf 87' lang='lat' dir='ltr'>terra,</span> <span class='ocrx_word' id='word_1_235' title='bbox 1576 3644 1650 3696; x_wconf 92' lang='lat' dir='ltr'>ut</span> <span class='ocrx_word' id='word_1_236' title='bbox 1681 3654 2000 3713; x_wconf 89' lang='lat' dir='ltr'>aqvarum</span> <span class='ocrx_word' id='word_1_237' title='bbox 2030 3635 2166 3697; x_wconf 91' lang='lat' dir='ltr'>vim</span> <span class='ocrx_word' id='word_1_238' title='bbox 2197 3655 2500 3714; x_wconf 90' lang='lat' dir='ltr'>magnam</span> <span class='ocrx_word' id='word_1_239' title='bbox 2533 3646 2863 3699; x_wconf 87' lang='lat' dir='ltr'>eructaret</span> <span class='ocrx_word' id='word_1_240' title='bbox 2887 3645 3064 3713; x_wconf 80' lang='lat' dir='ltr'>stag-</span> 
     </span>
     <span class='ocr_line' id='line_1_31' title="bbox 674 3733 3062 3814; baseline -0.001 -18"><span class='ocrx_word' id='word_1_241' title='bbox 674 3753 965 3814; x_wconf 86' lang='lat' dir='ltr'>numque</span> <span class='ocrx_word' id='word_1_242' title='bbox 996 3735 1260 3809; x_wconf 87' lang='lat' dir='ltr'>faceret,</span> <span class='ocrx_word' id='word_1_243' title='bbox 1296 3736 1378 3796; x_wconf 90' lang='lat' dir='ltr'>de</span> <span class='ocrx_word' id='word_1_244' title='bbox 1409 3734 1605 3812; x_wconf 87' lang='lat' dir='ltr'>cujus</span> <span class='ocrx_word' id='word_1_245' title='bbox 1641 3733 2097 3813; x_wconf 86' lang='lat' dir='ltr'>profunditate</span> <span class='ocrx_word' id='word_1_246' title='bbox 2127 3736 2423 3797; x_wconf 89' lang='lat' dir='ltr'>nondum</span> <span class='ocrx_word' id='word_1_247' title='bbox 2474 3744 2754 3799; x_wconf 88' lang='lat' dir='ltr'>constat.</span> <span class='ocrx_word' id='word_1_248' title='bbox 2851 3737 3062 3802; x_wconf 89' lang='lat' dir='ltr'>Erant</span> 
     </span>
     <span class='ocr_line' id='line_1_32' title="bbox 670 3833 3064 3913; baseline -0.001 -16"><span class='ocrx_word' id='word_1_249' title='bbox 670 3834 764 3897; x_wconf 92' lang='lat' dir='ltr'>ibi</span> <span class='ocrx_word' id='word_1_250' title='bbox 821 3835 1006 3913; x_wconf 90' lang='lat' dir='ltr'>prius</span> <span class='ocrx_word' id='word_1_251' title='bbox 1047 3843 1246 3913; x_wconf 80' lang='lat' dir='ltr'>prata</span> <span class='ocrx_word' id='word_1_252' title='bbox 1301 3834 1588 3912; x_wconf 89' lang='lat' dir='ltr'>jocunda</span> <span class='ocrx_word' id='word_1_253' title='bbox 1651 3833 1942 3912; x_wconf 85' lang='lat' dir='ltr'>ripaeqve</span> <span class='ocrx_word' id='word_1_254' title='bbox 1999 3835 2213 3896; x_wconf 84' lang='lat' dir='ltr'>amnis</span> <span class='ocrx_word' id='word_1_255' title='bbox 2268 3835 2754 3898; x_wconf 76' lang='lat' dir='ltr'>amoenissimae.</span> <span class='ocrx_word' id='word_1_256' title='bbox 2866 3837 3064 3902; x_wconf 87' lang='lat' dir='ltr'>Solus</span> 
     </span>
     <span class='ocr_line' id='line_1_33' title="bbox 672 3933 2756 4015; baseline -0 -18"><span class='ocrx_word' id='word_1_257' title='bbox 672 3934 880 4015; x_wconf 88' lang='lat' dir='ltr'>upilio</span> <span class='ocrx_word' id='word_1_258' title='bbox 910 3954 1062 3996; x_wconf 92' lang='lat' dir='ltr'>cum</span> <span class='ocrx_word' id='word_1_259' title='bbox 1094 3953 1293 4012; x_wconf 87' lang='lat' dir='ltr'>grege</span> <span class='ocrx_word' id='word_1_260' title='bbox 1322 3953 1445 3996; x_wconf 88' lang='lat' dir='ltr'>suo</span> <span class='ocrx_word' id='word_1_261' title='bbox 1474 3935 1559 3996; x_wconf 92' lang='lat' dir='ltr'>ab</span> <span class='ocrx_word' id='word_1_262' title='bbox 1588 3935 1715 3995; x_wconf 88' lang='lat' dir='ltr'>hac</span> <span class='ocrx_word' id='word_1_263' title='bbox 1747 3933 1930 3995; x_wconf 89' lang='lat' dir='ltr'>clade</span> <span class='ocrx_word' id='word_1_264' title='bbox 1957 3934 2272 3997; x_wconf 88' lang='lat' dir='ltr'>immunis</span> <span class='ocrx_word' id='word_1_265' title='bbox 2301 3943 2400 3996; x_wconf 88' lang='lat' dir='ltr'>est</span> <span class='ocrx_word' id='word_1_266' title='bbox 2429 3945 2756 3998; x_wconf 87' lang='lat' dir='ltr'>servatus.</span> 
     </span>
    </p>

    <p class='ocr_par' dir='ltr' id='par_1_8' title="bbox 666 4033 3060 4415">
     <span class='ocr_line' id='line_1_34' title="bbox 753 4033 3060 4115; baseline -0.001 -19"><span class='ocrx_word' id='word_1_267' title='bbox 753 4046 950 4104; x_wconf 84' lang='lat' dir='ltr'>Anno</span> <span class='ocrx_word' id='word_1_268' title='bbox 1006 4043 1164 4104; x_wconf 89' lang='grc'><strong>1577</strong></span> <span class='ocrx_word' id='word_1_269' title='bbox 1210 4055 1247 4096; x_wconf 89' lang='lat' dir='ltr'>a</span> <span class='ocrx_word' id='word_1_270' title='bbox 1302 4033 1501 4097; x_wconf 90' lang='lat' dir='ltr'>Festo</span> <span class='ocrx_word' id='word_1_271' title='bbox 1536 4034 2120 4097; x_wconf 89' lang='lat' dir='ltr'>Omnisanctorum</span> <span class='ocrx_word' id='word_1_272' title='bbox 2171 4036 2364 4097; x_wconf 89' lang='lat' dir='ltr'>stella</span> <span class='ocrx_word' id='word_1_273' title='bbox 2415 4036 2722 4115; x_wconf 90' lang='lat' dir='ltr'>apparuit</span> <span class='ocrx_word' id='word_1_274' title='bbox 2771 4037 3060 4099; x_wconf 89' lang='lat' dir='ltr'>insolitae</span> 
     </span>
     <span class='ocr_line' id='line_1_35' title="bbox 668 4133 3058 4216; baseline -0.002 -18"><span class='ocrx_word' id='word_1_275' title='bbox 668 4135 1149 4215; x_wconf 87' lang='lat' dir='ltr'>magnitudinis</span> <span class='ocrx_word' id='word_1_276' title='bbox 1167 4135 1363 4215; x_wconf 90' lang='lat' dir='ltr'>idqve</span> <span class='ocrx_word' id='word_1_277' title='bbox 1384 4135 1545 4196; x_wconf 88' lang='lat' dir='ltr'>totis</span> <span class='ocrx_word' id='word_1_278' title='bbox 1559 4138 1640 4196; x_wconf 91' lang='lat'>66</span> <span class='ocrx_word' id='word_1_279' title='bbox 1654 4133 1910 4210; x_wconf 89' lang='lat' dir='ltr'>diebus,</span> <span class='ocrx_word' id='word_1_280' title='bbox 1932 4134 2082 4212; x_wconf 88' lang='lat' dir='ltr'>alijs</span> <span class='ocrx_word' id='word_1_281' title='bbox 2095 4136 2442 4212; x_wconf 86' lang='lat' dir='ltr'>syderibus</span> <span class='ocrx_word' id='word_1_282' title='bbox 2461 4155 2590 4216; x_wconf 89' lang='lat' dir='ltr'>qvo</span> <span class='ocrx_word' id='word_1_283' title='bbox 2606 4138 2688 4197; x_wconf 88' lang='lat' dir='ltr'>ad</span> <span class='ocrx_word' id='word_1_284' title='bbox 2709 4137 3058 4199; x_wconf 88' lang='lat' dir='ltr'>candorem</span> 
     </span>
     <span class='ocr_line' id='line_1_36' title="bbox 667 4234 3052 4315; baseline -0.002 -16"><span class='ocrx_word' id='word_1_285' title='bbox 667 4256 800 4299; x_wconf 92' lang='lat' dir='ltr'>non</span> <span class='ocrx_word' id='word_1_286' title='bbox 859 4237 1117 4297; x_wconf 79' lang='lat' dir='ltr'>cedens,</span> <span class='ocrx_word' id='word_1_287' title='bbox 1210 4234 1406 4312; x_wconf 89' lang='lat' dir='ltr'>Radij</span> <span class='ocrx_word' id='word_1_288' title='bbox 1470 4243 1716 4310; x_wconf 89' lang='lat' dir='ltr'>autem,</span> <span class='ocrx_word' id='word_1_289' title='bbox 1754 4255 1918 4315; x_wconf 88' lang='lat' dir='ltr'>qvos</span> <span class='ocrx_word' id='word_1_290' title='bbox 1967 4244 2116 4314; x_wconf 91' lang='lat' dir='ltr'>post</span> <span class='ocrx_word' id='word_1_291' title='bbox 2164 4253 2235 4296; x_wconf 91' lang='lat' dir='ltr'>se</span> <span class='ocrx_word' id='word_1_292' title='bbox 2290 4235 2774 4312; x_wconf 89' lang='lat' dir='ltr'>eijaculabatur</span> <span class='ocrx_word' id='word_1_293' title='bbox 2800 4237 3052 4315; x_wconf 84' lang='lat' dir='ltr'>igneos,</span> 
     </span>
     <span class='ocr_line' id='line_1_37' title="bbox 666 4333 2696 4415; baseline 0 -17"><span class='ocrx_word' id='word_1_294' title='bbox 666 4337 923 4415; x_wconf 87' lang='lat' dir='ltr'>virgam</span> <span class='ocrx_word' id='word_1_295' title='bbox 956 4355 1262 4414; x_wconf 90' lang='lat' dir='ltr'>magnam</span> <span class='ocrx_word' id='word_1_296' title='bbox 1292 4345 1490 4415; x_wconf 88' lang='lat' dir='ltr'>atqve</span> <span class='ocrx_word' id='word_1_297' title='bbox 1518 4335 1587 4396; x_wconf 94' lang='lat' dir='ltr'>in</span> <span class='ocrx_word' id='word_1_298' title='bbox 1618 4333 1875 4397; x_wconf 81' lang='lat' dir='ltr'>latum²²</span> <span class='ocrx_word' id='word_1_299' title='bbox 1895 4337 2238 4397; x_wconf 91' lang='lat' dir='ltr'>diductam</span> <span class='ocrx_word' id='word_1_300' title='bbox 2267 4335 2696 4399; x_wconf 76' lang='lat' dir='ltr'>referrebant.</span> 
     </span>
    </p>

    <p class='ocr_par' dir='ltr' id='par_1_9' title="bbox 664 4435 3056 4717">
     <span class='ocr_line' id='line_1_38' title="bbox 751 4435 3056 4516; baseline -0.006 -11"><span class='ocrx_word' id='word_1_301' title='bbox 751 4447 949 4505; x_wconf 91' lang='lat' dir='ltr'>Anno</span> <span class='ocrx_word' id='word_1_302' title='bbox 1025 4444 1181 4506; x_wconf 86' lang='lat'>1591</span> <span class='ocrx_word' id='word_1_303' title='bbox 1231 4435 1556 4498; x_wconf 89' lang='lat' dir='ltr'>Postridie</span> <span class='ocrx_word' id='word_1_304' title='bbox 1632 4435 2098 4498; x_wconf 87' lang='lat' dir='ltr'>Conversionis</span> <span class='ocrx_word' id='word_1_305' title='bbox 2171 4436 2360 4496; x_wconf 92' lang='lat' dir='ltr'>Pauli</span> <span class='ocrx_word' id='word_1_306' title='bbox 2433 4435 2629 4497; x_wconf 89' lang='lat' dir='ltr'>irruit</span> <span class='ocrx_word' id='word_1_307' title='bbox 2702 4445 3056 4516; x_wconf 86' lang='lat' dir='ltr'>tempestas</span> 
     </span>
     <span class='ocr_line' id='line_1_39' title="bbox 667 4535 3051 4615; baseline -0.001 -16"><span class='ocrx_word' id='word_1_308' title='bbox 667 4556 907 4615; x_wconf 88' lang='lat' dir='ltr'>magna</span> <span class='ocrx_word' id='word_1_309' title='bbox 936 4555 1087 4598; x_wconf 90' lang='lat' dir='ltr'>cum</span> <span class='ocrx_word' id='word_1_310' title='bbox 1118 4537 1292 4599; x_wconf 86' lang='lat' dir='ltr'>nivis</span> <span class='ocrx_word' id='word_1_311' title='bbox 1321 4538 1643 4598; x_wconf 89' lang='lat' dir='ltr'>descensu</span> <span class='ocrx_word' id='word_1_312' title='bbox 1675 4555 1807 4598; x_wconf 90' lang='lat' dir='ltr'>non</span> <span class='ocrx_word' id='word_1_313' title='bbox 1839 4535 2173 4611; x_wconf 91' lang='lat' dir='ltr'>mediocri,</span> <span class='ocrx_word' id='word_1_314' title='bbox 2207 4544 2269 4597; x_wconf 90' lang='lat' dir='ltr'>et</span> <span class='ocrx_word' id='word_1_315' title='bbox 2292 4545 2438 4614; x_wconf 89' lang='lat' dir='ltr'>post</span> <span class='ocrx_word' id='word_1_316' title='bbox 2469 4536 2853 4598; x_wconf 89' lang='lat' dir='ltr'>violentiam</span> <span class='ocrx_word' id='word_1_317' title='bbox 2896 4546 3051 4598; x_wconf 90' lang='lat' dir='ltr'>tem-</span> 
     </span>
     <span class='ocr_line' id='line_1_40' title="bbox 664 4633 3049 4717; baseline -0.003 -17"><span class='ocrx_word' id='word_1_318' title='bbox 664 4637 943 4717; x_wconf 88' lang='lat' dir='ltr'>pestatis</span> <span class='ocrx_word' id='word_1_319' title='bbox 997 4637 1291 4699; x_wconf 87' lang='lat' dir='ltr'>sedatam</span> <span class='ocrx_word' id='word_1_320' title='bbox 1320 4645 1673 4698; x_wconf 88' lang='lat' dir='ltr'>senserunt</span> <span class='ocrx_word' id='word_1_321' title='bbox 1733 4636 2034 4698; x_wconf 87' lang='lat' dir='ltr'>homines</span> <span class='ocrx_word' id='word_1_322' title='bbox 2064 4636 2394 4715; x_wconf 87' lang='lat' dir='ltr'>qvandam</span> <span class='ocrx_word' id='word_1_323' title='bbox 2451 4635 2639 4715; x_wconf 89' lang='lat' dir='ltr'>qvasi</span> <span class='ocrx_word' id='word_1_324' title='bbox 2685 4646 2881 4698; x_wconf 77' lang='lat' dir='ltr'>terrae</span> <span class='ocrx_word' id='word_1_325' title='bbox 2930 4633 3049 4698; x_wconf 91' lang='lat' dir='ltr'>sal-</span> 
     </span>
    </p>
   </div>
  </div>
 </body>
</html>
