3242 5684
1210 595 1333 648 DE
1364 595 1937 650 MIRABILIBUS
2684 589 2758 644 81

376 767 572 846 plaga
620 767 861 829 insulae
888 765 957 826 in
997 766 1337 845 provincia
1370 767 1745 829 Medalland
1777 767 2130 848 praecipue,
2166 768 2280 828 sed
2311 776 2377 829 et
2408 769 2564 830 alibi
2609 788 2768 847 qvo-

375 886 523 946 qve,
560 866 786 930 tritico
838 866 1052 929 simile
1083 866 1511 940 frumentum,
1549 867 1722 946 qvod
1782 875 2077 928 resecant
2128 868 2366 929 incolae
2422 868 2768 930 annuatim

378 976 444 1029 et
500 966 732 1029 sedulo
760 967 1119 1028 arefactum
1180 967 1351 1028 mola
1380 967 1702 1044 subigunt
1733 975 1799 1028 et
1843 966 2138 1029 foeminae
2200 975 2428 1046 postea
2485 969 2768 1046 panibus

380 1076 573 1146 atqve
604 1065 1067 1146 pulmentarijs
1090 1066 1346 1128 utiliter
1368 1075 1621 1146 aptant,
1653 1085 1822 1144 qvae,
1853 1068 2280 1146 qvantumvis
2302 1068 2496 1129 terrei
2516 1070 2770 1147 saporis

379 1167 623 1246 aliqvid
670 1167 978 1240 habeant,
1013 1185 1093 1228 eo
1135 1167 1307 1245 qvod
1354 1186 1485 1227 non
1529 1175 1862 1240 seruntur,
1914 1176 2134 1228 tamen
2179 1167 2530 1245 frugaliter
2571 1177 2768 1250 atqve

380 1269 460 1328 ad
520 1267 895 1328 satietatem
946 1268 1155 1328 alunt.
1248 1267 1478 1329 Solent
1536 1266 1733 1327 etiam
1766 1266 2059 1328 foeminae
2110 1277 2354 1329 nostrae
2385 1268 2622 1329 herbas
2648 1287 2767 1330 seu

381 1368 679 1445 gramina
736 1367 1036 1446 qvaedam
1068 1366 1452 1444 singularia,
1490 1374 1627 1427 tam
1685 1367 1755 1426 in
1808 1366 2146 1429 montibus
2201 1386 2396 1445 qvam
2447 1369 2771 1430 colliculis

378 1468 579 1529 etiam
620 1467 923 1529 littorum
954 1475 1131 1540 nata,
1166 1467 1515 1544 decerpere
1558 1474 1626 1527 et
1659 1467 1968 1544 colligere
2013 1486 2089 1528 ac
2117 1467 2199 1528 ad
2243 1468 2446 1529 solem
2477 1469 2769 1530 arefacta

380 1567 684 1629 manibus
704 1567 845 1629 suis
874 1574 1231 1640 conterere,
1271 1574 1344 1628 ut
1375 1566 1569 1626 farris
1591 1565 1699 1643 cuj
1711 1567 1941 1627 usdam
1969 1566 2768 1629 similitudineminduant

380 1677 495 1729 aut
542 1667 754 1728 vicem
782 1667 1023 1728 obeant
1080 1665 1405 1744 istamqve
1436 1665 1719 1726 farinam
1759 1667 2279 1746 qvalemcunqve
2307 1667 2772 1745 pulmentarijs

378 1768 518 1829 suis
567 1767 953 1839 immiscere,
990 1766 1071 1826 ad
1119 1784 1325 1844 panes
1353 1784 1511 1826 vero
1560 1767 1757 1844 plane
1780 1774 1878 1826 est
1909 1766 2226 1826 inhabilis
2255 1774 2452 1846 atqve
2481 1767 2760 1830 inutilis.

382 1869 612 1946 Neqve
643 1867 870 1945 procul
902 1866 1083 1926 abest
1110 1885 1149 1926 a
1180 1865 1515 1939 miraculo,
1554 1865 1728 1944 qvod
1759 1866 1933 1944 apud
1966 1884 2086 1926 nos
2117 1866 2528 1944 repperiatur
2557 1867 2769 1929 foemi·

379 1968 611 2029 ninum
643 1984 854 2044 genus
896 1966 1098 2038 aliud,
1134 1964 1457 2026 castitatis
1500 1974 1659 2025 nota
1702 1965 1868 2026 adeo
1909 1966 2322 2043 praeclarum,
2361 1975 2435 2027 ut
2474 1966 2766 2045 virgines

378 2067 695 2146 plurimas
722 2066 1113 2145 easdemqve
1140 2064 1586 2144 pientissimas
1612 2065 1832 2126 insula
1867 2065 2108 2136 foveat,
2143 2085 2293 2143 qvae
2323 2065 2578 2144 nuptijs
2601 2086 2766 2128 nun-

375 2187 573 2247 qvam
604 2173 1098 2238 consenserunt,
1132 2165 1245 2224 sed
1278 2165 1464 2242 qvasi
1494 2173 1881 2242 perpetuam
1912 2164 2368 2242 virginitatem
2393 2167 2532 2227 solo
2561 2167 2765 2244 pieta·

378 2268 465 2329 tis
520 2267 744 2329 studio
770 2265 895 2326 sibi
954 2273 1109 2325 sunt
1140 2264 1456 2342 pollicitae
1486 2286 1499 2338 ;
1548 2263 1729 2325 aliud
1787 2261 2230 2342 prolificandi¹
2260 2265 2761 2341 feracissimam,

379 2369 543 2429 adeo
573 2376 645 2429 ut
675 2366 742 2427 in
772 2364 996 2426 effoeta
1026 2364 1209 2444 qvasi
1241 2371 1501 2425 senecta
1533 2373 1798 2425 uterum
1830 2373 2088 2442 gestare
2117 2365 2543 2427 inveniantur
2562 2385 2769 2444 usqve

376 2469 459 2530 ad
481 2485 728 2529 annum
760 2483 842 2542 50
858 2465 1293 2526 communiter
1323 2471 1389 2524 et
1408 2463 1712 2542 qvaedam
1733 2465 1908 2525 ultra
1939 2469 2040 2525 60.
2136 2467 2441 2526 Matrona
2462 2467 2768 2544 qvoedam

378 2568 771 2630 nobiliorum
805 2583 1043 2644 genere
1074 2573 1230 2625 nata
1260 2564 1460 2624 etiam
1492 2581 1672 2624 nunc
1717 2573 2053 2642 superstes
2081 2574 2202 2639 est,
2240 2585 2391 2644 qvae
2421 2583 2498 2642 23
2529 2585 2766 2645 parvu-

376 2670 475 2731 los
530 2669 612 2728 de
640 2685 764 2728 suo
820 2673 1009 2726 utero
1038 2663 1175 2724 sola
1235 2663 1436 2724 enixa
1468 2664 1708 2737 fuerat,
1747 2665 2061 2741 gemellos
2117 2673 2314 2743 atqve
2355 2667 2771 2744 tergemellos

370 2767 723 2848 aliqvoties
764 2764 1045 2844 pariens,
1137 2763 1359 2842 Atqve
1388 2763 1501 2836 ita,
1532 2783 1682 2842 qvae
1711 2772 1866 2825 sunt
1903 2765 2234 2842 praecipue
2283 2774 2516 2827 notatu
2539 2768 2764 2845 digna,

374 2867 581 2946 hujus
622 2864 859 2927 insulae
888 2863 1353 2942 perstrinxisse
1396 2863 1626 2924 videor
1656 2863 1992 2924 miracula.
2087 2866 2363 2937 Caetera,
2416 2884 2566 2943 qvae
2608 2868 2772 2928 satis

374 2969 585 3031 multa
601 2985 741 3028 esse
772 2965 949 3038 novi,
976 2963 1125 3041 alijs
1155 2962 1549 3040 relinqvenS,
1575 2962 1816 3040 qvibus
1846 2962 1933 3035 id,
1966 2982 2082 3040 per
2109 2964 2518 3024 occasionem
2549 2974 2615 3026 et
2640 2986 2768 3046 qva

374 3077 532 3131 sunt
579 3069 776 3143 longe
804 3083 1003 3144 supra
1060 3083 1165 3124 me
1194 3060 2169 3140 eruditionej·praecellentioreS,
2208 3063 2659 3127 abundantius
2701 3076 2768 3128 et

368 3165 813 3230 excellentius
863 3165 1076 3224 facere
1105 3163 1281 3236 licet,
1318 3164 1632 3224 lectorem
1662 3161 1926 3222 interim
1960 3163 2217 3236 horum,
2251 3172 2586 3242 utcunqve
2609 3175 2767 3228 sunt

377 3268 549 3348 aeqvi
578 3265 885 3344 boniqve,
922 3273 993 3325 ut
1022 3263 1323 3324 consulat
1354 3270 1551 3341 atqve
1580 3262 1650 3323 in
1681 3269 1934 3340 partem
1963 3263 2297 3324 meliorem
2327 3263 2756 3343 interpretur,

367 3367 669 3430 studiose
698 3385 775 3427 ac
804 3364 1087 3426 afficiose
1117 3371 1425 3440 rogatum
1452 3364 1626 3424 volo.

1187 3718 1470 3782 TITULl
1520 3717 1940 3782 CAPITUM.

509 3929 563 3972 1.
614 3911 712 3970 De
741 3907 877 3969 situ
899 3905 1216 3968 Islandiae
1245 3905 1328 3965 ad
1360 3905 1798 3966 elevationem
1831 3905 1990 3984 poli.

500 4027 557 4074 2.
610 4011 707 4070 De
739 4006 947 4085 glacie
978 4004 1222 4067 boreali
1254 4013 1369 4066 aut
1402 4003 1854 4066 Gronlandica
1885 4023 2036 4066 cum
2067 4003 2424 4081 adjunctis,

502 4129 561 4188 3.
614 4111 711 4168 De
739 4106 1047 4167 meteoris
1075 4104 1267 4165 miris
1298 4113 1363 4164 et
1396 4103 1603 4180 varijs
1633 4113 1697 4165 et
1728 4123 1872 4165 rore
1905 4104 2174 4164 mellito.

499 4229 560 4287 4.
614 4210 710 4268 De
740 4205 1225 4267 terraemotibus
1253 4212 1316 4265 et
1339 4203 1596 4281 ignium
1619 4202 2080 4281 eruptionibus
2101 4201 2463 4281 ijsdemqve
2487 4202 2766 4265 diversis

792 4319 855 4366 et
890 4304 1255 4366 horrendis,

502 4426 560 4485 5.
614 4409 711 4468 De
741 4406 924 4485 qvasi
957 4404 1265 4466 meteo‘ris
1295 4404 1364 4463 in
1406 4402 1590 4463 mari.

500 4513 585 4570 6..
614 4509 710 4567 De
739 4505 1065 4584 portentis
1093 4503 1465 4565 fluminum.

441 4656 459 4688 ¹
473 4651 849 4724 prolificande
872 4653 992 4704 MS.
