3242 5684
1099 583 1220 636 DE
1254 581 1822 635 MIRABILIBUS
2575 587 2653 647 79

253 752 387 814 loci
445 771 578 814 non
636 753 997 815 assvefiunt
1055 753 1358 815 homines
1413 770 1540 814 usu
1598 752 1985 832 qvotidiano
2042 752 2215 815 sicut
2272 752 2341 812 in
2400 751 2653 814 exteris

261 852 645 914 nationibus
693 854 776 914 ad
807 853 1106 931 singulas
1156 861 1331 915 artes
1359 852 1756 926 manuarias,
1792 852 1907 913 sed
1938 852 2141 914 libere
2170 852 2508 931 qvodlibet
2537 871 2651 913 ex·

251 950 584 1014 erceunt.¹
667 953 780 1016 Sic
822 953 1086 1032 propria
1137 952 1319 1014 velut
1365 952 1693 1014 industria
1724 951 2121 1014 ferramenta
2165 960 2655 1031 contemperare

256 1052 532 1130 qvidam
544 1051 818 1114 solerter
831 1053 1228 1115 didicerunt.
1258 1051 1396 1130 Alij
1422 1070 1678 1132 qvoqve
1691 1052 1972 1130 sagittas
1990 1052 2363 1114 manuarias
2375 1060 2442 1113 et
2461 1069 2653 1112 arcus

255 1151 558 1230 vulpium
591 1171 712 1214 nec
742 1170 874 1215 non
905 1153 1206 1226 frameas,
1243 1151 1506 1214 lanceas
1535 1153 1660 1214 διο.
1696 1152 1961 1230 proprio
2006 1160 2214 1214 marte
2258 1153 2441 1213 nullo
2484 1170 2649 1230 prae-

252 1261 462 1314 eunte
511 1251 892 1315 institutore
941 1252 1330 1331 promptiuS,
1387 1271 1582 1332 qvam
1636 1252 1882 1331 sperari
1934 1260 2217 1330 poterat,
2262 1251 2643 1313 effecerunt.

258 1350 398 1428 Alij
433 1352 740 1431 scuptilia
771 1352 1026 1432 qvaevis
1052 1352 1250 1414 etiam
1281 1351 1693 1413 literaturam
1718 1351 2102 1428 ignorantes
2130 1351 2374 1413 affabre
2396 1353 2651 1412 ducunt

257 1459 329 1511 et
355 1451 575 1512 ‘celant
605 1452 688 1512 ad
719 1452 1043 1532 qvaslibet
1073 1451 1397 1529 imagines
1425 1450 1687 1529 objecta
1716 1452 2045 1526 arborum,
2073 1452 2382 1526 ferarum,
2418 1451 2650 1513 volati-

253 1550 420 1612 lium
481 1560 680 1632 atqve
723 1552 887 1615 adeo
943 1551 1232 1630 ipsarum
1265 1551 1629 1624 literarum,
1665 1551 1949 1630 deniqve
2006 1552 2163 1632 qvid
2223 1570 2354 1613 non
2413 1560 2650 1613 natura

248 1651 510 1726 docuit,
546 1651 866 1731 siqvidem
899 1652 1084 1714 faber
1112 1651 1342 1713 extitit
1387 1651 1456 1712 in
1486 1652 1685 1730 plaga
1702 1651 2115 1726 occidentali,
2140 1651 2253 1731 qvi
2276 1652 2649 1713 naviculam

255 1751 400 1812 suis
430 1752 735 1812 manibus
763 1751 1060 1813 condidit
1105 1760 1256 1813 octo
1287 1751 1484 1813 remis
1533 1751 1885 1828 insignem,
1922 1740 2085 1830 qvos
2113 1761 2405 1814 rotarum
2458 1753 2647 1814 bene-

255 1850 411 1912 ficio
467 1859 532 1912 et
592 1851 1039 1914 funiculorum
1097 1870 1324 1913 omnes
1379 1854 1560 1912 solus
1615 1851 1866 1913 dirsxit
1926 1852 2273 1913 nauclerus
2330 1852 2399 1912 in
2445 1851 2649 1931 puppi

257 1951 514 2025 sedenS,
552 1960 748 2031 atqve
780 1952 906 2013 hoc
934 1959 1130 2030 pacto
1159 1959 1383 2013 vastos
1410 1951 1597 2013 sinus
1626 1969 1960 2031 permeare
1988 1952 2207 2030 potuit
2239 1950 2389 2014 aere
2430 1960 2647 2013 tamen

255 2048 548 2124 silente,²
569 2051 788 2112 ventis
809 2051 986 2112 enim
1015 2070 1091 2112 ac
1111 2051 1618 2129 tempestatibus
1649 2051 1862 2112 cimba
1914 2051 2067 2113 talis
2098 2051 2463 2113 necessario
2508 2051 2648 2131 qvi-

255 2150 419 2211 evit.
515 2150 765 2212 Audivi
798 2151 1080 2212 alterum
1129 2151 1458 2230 qvendam
1492 2151 1889 2213 Daedaleam
1935 2161 2141 2212 artem
2173 2160 2461 2212 tentasse
2512 2151 2645 2212 avi-

259 2252 560 2312 cularum
616 2253 877 2329 plumas
932 2260 998 2312 et
1056 2269 1306 2329 pennas
1349 2250 1723 2329 colligendo
1778 2260 1975 2330 atqve
2017 2251 2153 2312 alas
2208 2251 2649 2312 subarctando

253 2351 469 2412 veluti
500 2351 964 2412 indumentum
996 2350 1250 2429 corpori
1281 2369 1402 2412 suo
1431 2353 1798 2429 adaptasse,
1834 2361 1900 2412 et
1930 2351 2071 2412 sine
2102 2351 2399 2412 molestia
2428 2351 2649 2412 volare

257 2450 552 2527 potuisse
609 2450 810 2511 etiam
841 2458 1024 2512 trans
1080 2469 1339 2511 amnem
1372 2449 1656 2527 Huijtaa
1712 2451 1733 2510 i
1770 2451 2233 2527 Borgarfyrde,
2268 2450 2463 2527 cujus
2520 2451 2647 2512 viri

262 2559 534 2627 nepotes
563 2551 781 2611 adhuc
809 2549 878 2611 in
923 2550 1098 2612 vivis
1125 2559 1304 2612 sunt.
1399 2551 1631 2629 Neqve
1661 2551 1728 2611 id
1774 2550 1990 2629 ipsum
2020 2551 2396 2613 fabulosum
2437 2569 2648 2630 neqve

261 2650 396 2710 ulla
440 2649 506 2711 vi
537 2650 814 2728 magica,
851 2651 1024 2730 qvod
1069 2649 1288 2729 putari
1319 2659 1599 2728 poterat,
1638 2651 1892 2712 factum
1920 2659 2041 2725 est,
2070 2651 2184 2712 sed
2216 2662 2356 2712 arte
2386 2659 2647 2712 tantum

261 2750 576 2812 naturale.
696 2750 886 2811 Adeo
941 2750 1208 2811 solertia
1259 2759 1412 2812 sunt
1485 2750 1787 2829 qvaedam
1860 2760 2235 2813 nostrorum
2307 2751 2649 2812 hominum

262 2848 545 2926 ingenia.
637 2849 796 2910 Vidi
849 2850 1252 2911 urinatorem
1285 2851 1703 2924 nostratium,
1741 2851 1852 2929 qvi
1904 2870 2035 2911 non
2064 2851 2236 2912 sicut
2276 2850 2386 2927 alij
2422 2859 2649 2912 natare

263 2951 530 3023 solebat,
559 2949 672 3011 sed
705 2958 1018 3028 tanqvam
1049 2950 1248 3028 piscis
1275 2949 1514 3028 pinnas
1542 2959 1608 3011 et
1660 2951 1955 3024 candem,
1996 2952 2121 3012 hoc
2171 2960 2269 3012 est
2294 2968 2529 3010 manus
2579 2959 2644 3011 et

261 3050 477 3128 pedes,
517 3049 806 3126 agillime
853 3049 1144 3111 natando
1195 3050 1403 3111 movit
1456 3051 1701 3128 absqve
1750 3050 1926 3110 omni
1979 3050 2281 3111 molestia
2332 3050 2515 3123 ade0,
2570 3059 2645 3111 ut

257 3150 442 3227 qvasi
501 3149 570 3210 in
617 3168 783 3228 aqva
835 3150 1073 3227 degere
1117 3150 1463 3228 potuisset.
1555 3151 1806 3211 Verum
1863 3149 2103 3210 similia
2162 3149 2460 3224 artificia,
2498 3169 2646 3228 qvae

263 3257 564 3310 naturam
617 3249 753 3311 fere
773 3258 1118 3328 superant,
1146 3248 1309 3310 alios
1357 3250 1611 3323 docere,
1650 3258 1971 3328 qvantum
2022 3249 2269 3323 audivi,
2305 3252 2410 3311 vel
2447 3252 2639 3328 plane

260 3349 618 3429 neqvibant
672 3350 984 3411 authores
1013 3350 1119 3410 vel
1150 3349 1350 3410 etiam
1379 3350 1741 3428 prudenter
1785 3351 2159 3424 noluerunt,
2196 3368 2278 3410 ne
2301 3351 2643 3430 qvisqvam

262 3447 430 3509 forte
459 3449 707 3527 aliqvid
733 3449 945 3510 simile
975 3449 1331 3510 infeliciter
1361 3469 1436 3510 ac
1465 3449 1833 3527 periculose
1864 3458 2170 3511 tentaret.
2261 3450 2432 3512 Sunt
2474 3449 2643 3526 ejus-

253 3550 408 3609 dem
438 3548 698 3626 generis
727 3549 938 3627 plura,
977 3569 1125 3628 qvae
1148 3549 1494 3610 brevitatis
1522 3549 1862 3610 studiosus
1910 3559 1976 3610 at
2006 3550 2309 3610 conscius
2351 3551 2641 3628 neglige.

263 3647 380 3713 Est
437 3649 637 3710 etiam
694 3649 867 3710 inter
924 3668 1043 3710 nos
1095 3649 1310 3722 hodie,
1377 3649 1486 3727 qvi
1539 3649 1913 3710 columbam
1969 3650 2305 3711 volatilem
2361 3650 2648 3729 proprijs

263 3749 562 3810 manibus
589 3749 931 3826 ingeniose
961 3757 1157 3827 atqve
1196 3749 1547 3810 artificiose
1578 3749 1893 3812 conflavit
1941 3751 2164 3828 ignem
2194 3770 2450 3830 qvoqve
2497 3771 2643 3813 evo-

263 3858 565 3911 mentem.
662 3850 859 3910 Plura
917 3848 1022 3908 his
1079 3849 1406 3920 adderem,
1445 3849 1570 3909 nisi
1632 3858 1894 3928 tempus
1953 3869 2055 3911 me
2113 3852 2194 3911 ad
2254 3851 2647 3912 excellentia

261 3949 560 4025 qvaedam
585 3948 852 4026 ingenia
884 3948 1225 4009 hominum
1257 3959 1614 4010 revocaret.

343 4073 724 4145 Capitulum
771 4073 1075 4132 XXXIX.
1165 4065 1330 4144 Qvis
1379 4065 1555 4125 enim
1631 4067 1877 4126 nesciat
1950 4066 2167 4127 virum
2242 4085 2373 4126 non
2430 4068 2643 4126 solum

262 4184 414 4225 vera
462 4165 710 4243 pietate
739 4173 805 4226 et
855 4165 1067 4226 solida
1097 4165 1468 4226 eruditione
1519 4167 2004 4244 praecellentem
2036 4165 2309 4243 ideoqve
2341 4165 2517 4225 omni
2550 4185 2645 4226 re-

255 4265 554 4325 verentia
576 4265 912 4342 majorem,
941 4267 1065 4326 Dn.
1093 4265 1575 4327 Gudbrandum
1595 4263 2043 4338 Thorlacium‚
2074 4264 2270 4326 Holae
2288 4265 2645 4327 dioeceseos

259 4364 638 4442 episcopum
663 4382 874 4442 nuper
903 4364 1509 4442 vigilantissimum,
1547 4364 1659 4442 qvi
1690 4364 1925 4442 patriae
1953 4364 2126 4425 bono
2156 4373 2351 4426 natus
2401 4365 2643 4426 incom-

257 4464 533 4541 parabili
555 4543 562 4549 ι
586 4464 854 4541 ingenio
903 4473 1098 4543 atqve
1139 4463 1468 4524 industria
1520 4464 1767 4524 eximia
1800 4464 2309 4542 typographiam
2341 4483 2472 4526 non
2504 4465 2643 4544 qvi-

325 4617 342 4649 ¹
357 4624 663 4671 excereunt
689 4620 806 4671 MS.
949 4619 968 4649 ²
985 4619 1174 4670 silerte
1201 4621 1318 4671 MS.
