3242 5684
443 597 520 672 78
1404 605 1869 661 ISLANDJCA

441 776 798 856 piscatores
853 775 1333 850 instrumentis,
1369 785 1445 838 ut
1503 777 1715 838 hastis
1741 777 2079 851 aculeatis,
2116 777 2358 858 qvibus
2404 779 2733 841 salmones
2761 787 2827 840 et

443 885 688 938 truttas
717 875 1000 953 majores
1027 876 1316 954 infigunt
1347 885 1414 938 et
1443 877 1833 952 extrahunt,
1860 877 2145 938 minores
2176 896 2333 939 vero
2363 878 2615 958 laqveis
2636 896 2827 957 pren-

437 984 587 1038 sant
617 998 631 1050 ;
679 984 822 1038 tum
840 975 1062 1049 etiam,
1089 976 1400 1056 qvoniam
1419 995 1608 1056 aqvae
1628 985 1785 1038 sunt
1816 976 2021 1054 vulgo
2040 985 2549 1057 transparentes,
2574 978 2826 1056 duplici

442 1077 640 1138 hamo
689 1083 976 1139 utuntur
1003 1075 1386 1138 balenarum
1438 1075 1659 1155 pinnis
1689 1077 1770 1137 ad
1804 1076 2131 1138 hastulam
2160 1077 2455 1156 alligato,
2492 1097 2623 1156 qvo
2652 1097 2825 1157 qvae-

445 1176 548 1237 vis
574 1175 771 1238 obvia
801 1175 993 1237 facile
1023 1175 1614 1254 comprehendunt.
1708 1175 1933 1256 Atqve
1962 1177 2069 1238 hae
2106 1185 2264 1238 sunt
2317 1186 2493 1239 artes
2538 1178 2827 1240 maxime

441 1294 821 1337 communes
870 1276 1044 1337 circa
1073 1275 1495 1355 piscaturam,
1534 1275 1821 1356 reliqvas
1877 1275 2055 1338 mille
2105 1285 2350 1338 norunt
2407 1296 2575 1356 opus
2602 1297 2826 1340 excer-

444 1385 690 1450 centeS,
725 1395 888 1456 qvas
919 1375 1026 1436 hic
1055 1376 1324 1437 edocere
1345 1393 1909 1455 supervacaneum
1940 1376 2225 1450 videtur,
2255 1396 2457 1456 qvum
2482 1378 2657 1439 natis
2672 1398 2827 1440 exo-

443 1475 666 1538 tericis
721 1476 848 1538 ista
905 1476 1124 1536 omnia
1194 1476 1389 1554 plane
1457 1476 1592 1538 sint
1666 1475 2027 1537 notissima.
2122 1475 2257 1554 Alij
2306 1477 2555 1540 multos
2638 1479 2827 1540 inun-

445 1575 630 1638 culos
648 1572 664 1604 ¹
695 1574 893 1638 simul
909 1575 992 1636 de
1015 1576 1214 1637 unico
1231 1575 1511 1637 rudente
1529 1576 1891 1655 pendentes
1918 1575 1989 1636 in
2020 1577 2157 1637 alto
2203 1577 2365 1637 mari
2418 1578 2822 1657 relinqvunt,

445 1684 511 1737 et
569 1684 717 1753 post
749 1693 946 1736 unam
1005 1683 1122 1736 aut
1153 1674 1426 1736 alteram
1485 1677 1739 1750 horam,
1774 1675 1907 1736 imo
1964 1684 2113 1754 post
2144 1676 2318 1738 diem
2377 1677 2645 1739 unicum
2711 1687 2827 1740 aut

447 1778 748 1848 alterum,
785 1794 934 1837 cum
995 1774 1248 1836 foenore
1305 1784 1637 1854 qvaerunt,
1674 1775 1858 1848 alias,
1896 1785 1971 1836 ut
2029 1795 2205 1855 saepe
2264 1777 2503 1839 accidit
2561 1787 2831 1857 propter

448 1876 648 1937 maris
677 1885 915 1937 aestum
945 1885 1010 1936 et
1042 1875 1214 1938 aeris
1241 1875 1718 1955 intemperiem,
1754 1875 1949 1954 plane
1988 1876 2324 1938 amittunt.

531 1999 913 2073 Capitulum
969 2000 1312 2060 XXXVII,
1401 1993 1633 2072 Neqve
1688 1992 1900 2054 solum
1930 1993 2216 2054 minores
2242 1994 2456 2072 pisces
2483 1996 2609 2056 hoc
2639 1996 2832 2058 modo

449 2093 690 2154 adoriri
723 2101 1052 2154 nostrates
1078 2092 1476 2166 didicerunt,
1511 2093 1626 2153 sed
1657 2092 1857 2153 etiam
1886 2093 2134 2154 bestias
2162 2094 2361 2154 maris
2388 2095 2575 2172 qvasi
2607 2095 2854 2156 venari·

449 2201 967 2272 praesumserunt
1014 2210 1181 2254 ausu
1232 2212 1364 2253 non
1417 2192 1639 2252 minus
1686 2212 1879 2271 qvam
1934 2210 2059 2254 usu
2106 2193 2498 2256 incredibili.
2591 2194 2834 2257 Galeos

449 2294 711 2374 qvidem
772 2293 985 2354 hamis
1012 2292 1376 2369 majoribus
1432 2310 1565 2353 non
1595 2291 1789 2353 aliter
1834 2311 2028 2371 qvam
2058 2293 2411 2371 pisciculos
2438 2296 2827 2370 extrahunt,

451 2394 578 2454 nisi
637 2394 809 2473 qvod
841 2411 1104 2454 necesse
1159 2393 1246 2454 sit
1277 2392 1427 2469 alijs
1485 2392 1902 2454 ferramentis
1931 2412 2189 2471 qvoqve
2247 2394 2516 2454 hamum
2546 2396 2826 2457 munire.

454 2495 626 2554 Nam
670 2493 726 2555 si
769 2493 970 2554 istum
1014 2492 1414 2570 deglutiunt,
1466 2493 1675 2553 lineas
1716 2493 1899 2571 seqvi
1960 2493 2174 2555 solent
2218 2513 2457 2572 easqve
2520 2512 2831 2572 praemor-

451 2595 668 2655 dendo
727 2611 876 2655 cum
922 2594 1117 2654 hamo
1177 2592 1504 2669 diffugere
1547 2593 2069 2672 piscatoremqve
2132 2611 2246 2672 spe
2304 2613 2422 2655 sua
2488 2594 2827 2657 frustrare.

452 2695 642 2756 Alias
685 2712 928 2754 novum
961 2692 1287 2772 qvoddam
1333 2692 1629 2770 piscandi
1662 2710 1873 2769 genus
1913 2693 2266 2754 commenti
2304 2680 2487 2767 sunt,
2523 2695 2835 2756 nimirum

451 2796 714 2874 qvando
764 2795 1032 2854 hamum
1061 2810 1253 2853 suum
1308 2792 1741 2865 ferramentis,
1779 2800 1853 2852 ut
1898 2793 2063 2867 dixi,
2100 2793 2239 2854 suis
2266 2794 2617 2868 munitum,
2653 2794 2837 2872 ligno

455 2913 492 2972 5
545 2903 660 2956 aut
689 2899 728 2955 6
781 2895 1084 2954 ulnarum
1115 2892 1316 2968 longo
1367 2892 1524 2952 fune
1575 2900 1689 2953 aut
1740 2900 1912 2953 reste
1963 2893 2334 2970 alligatum,
2372 2913 2448 2954 ac
2500 2895 2568 2955 in
2621 2895 2837 2956 medio

456 2995 721 3074 gurgite
752 2994 1154 3072 relinqvunt,
1192 2992 1304 3054 ubi
1338 2992 1584 3068 galeus,
1608 2992 1663 3052 si
1689 2992 1879 3065 adsit,
1908 2994 2200 3071 praedam
2220 3002 2489 3056 secutus
2506 2995 2840 3057 inescatur

454 3116 574 3158 nec
621 3103 838 3174 potest
865 3094 1120 3171 lignum
1146 3093 1586 3169 submergere,
1626 3093 1801 3154 unde
1830 3094 2209 3171 possessori,
2244 3112 2635 3174 qvocunqve
2664 3096 2835 3158 loco-

453 3216 597 3258 rum
620 3194 980 3267 devenerit,
1010 3194 1232 3272 praeda
1255 3193 1451 3254 cedit.
1546 3193 1824 3253 Balenas
1845 3201 2063 3254 autem
2086 3193 2502 3255 ferramentis
2523 3195 2840 3257 aculeatis

453 3297 666 3358 solent
716 3294 1048 3374 perforare
1079 3293 1453 3378 ibidemqve
1505 3293 1752 3353 relictis
1780 3301 1847 3354 et
1902 3293 2202 3354 funiculo
2231 3294 2529 3372 longiore
2580 3296 2661 3356 ad
2722 3315 2839 3356 100

457 3415 661 3475 usqve
693 3396 882 3455 ulnas
911 3402 976 3455 et
1007 3393 1182 3454 ultra
1212 3393 1292 3453 ad
1325 3412 1583 3471 proram
1615 3393 1807 3454 navis
1835 3393 2127 3469 alligato,
2164 3393 2441 3454 bestiam
2473 3396 2692 3456 furere
2722 3415 2835 3457 ex-

457 3497 823 3575 periuntur,
860 3494 1068 3554 donec
1115 3493 1308 3571 plane
1358 3493 1831 3571 disrumpatur,
1869 3513 2037 3572 qvae,
2073 3493 2283 3554 donec
2329 3495 2520 3568 vivit,
2557 3495 2836 3557 cimbam

457 3596 714 3656 miseris
768 3595 978 3655 modis
1035 3594 1246 3669 agitat
1280 3602 1426 3671 post
1484 3612 1553 3654 se
1583 3593 1887 3654 ducendo
1915 3600 1981 3654 et
2041 3601 2301 3654 tantum
2360 3612 2492 3655 non
2548 3595 2837 3656 submer-

461 3696 676 3773 gendo
703 3692 1156 3772 piscatoribus
1194 3701 1514 3771 qvotqvot
1567 3692 1910 3753 navicellae
1940 3693 2197 3766 insunt,
2234 3693 2508 3772 puppim
2558 3696 2837 3773 petenti-

457 3796 583 3857 bus
609 3817 622 3867 ς
670 3793 842 3872 qvod
873 3792 926 3853 si
958 3791 1325 3869 contingat,
1363 3801 1438 3853 ut
1468 3791 1681 3852 bestia
1711 3792 2123 3868 longiuscule
2154 3802 2325 3854 erret
2355 3802 2421 3854 et
2452 3796 2554 3855 vel
2599 3803 2838 3856 terram

455 3896 664 3974 ipsam
709 3894 792 3954 ab
835 3892 1045 3953 oculis
1088 3900 1438 3952 nautarum
1484 3891 1883 3969 intercipiat,
1930 3892 2156 3953 funem
2200 3902 2422 3954 secant
2466 3903 2532 3956 et
2576 3904 2844 3974 propter

459 3997 745 4072 signum,
783 3992 957 4072 qvod
1015 3991 1415 4052 ferramento
1472 3991 1833 4065 incuditur,
1872 3992 2247 4072 ubicunqve
2306 4003 2565 4055 mortua
2622 3995 2841 4057 bellua

457 4095 794 4158 littoribus
837 4092 1130 4170 appellit,
1166 4091 1400 4153 victori
1446 4110 1565 4152 sua
1595 4091 1813 4170 portio
1844 4092 2040 4166 cedit,
2080 4092 2269 4153 fundi
2302 4112 2457 4154 vero
2486 4096 2842 4172 possessori

457 4217 576 4258 sua
609 4215 697 4256 ex
726 4192 1113 4272 praescripto
1142 4192 1386 4269 legum,
1417 4201 1613 4270 atqve
1639 4192 1764 4252 hoc
1795 4192 2168 4252 venationis
2190 4211 2399 4270 genus
2428 4212 2575 4255 raro
2598 4196 2843 4274 absqve

457 4299 617 4360 vitae
647 4293 1022 4355 discrimine
1053 4292 1193 4354 fieri
1227 4291 1450 4352 notius
1480 4300 1599 4364 est,
1638 4310 1831 4371 qvam
1884 4292 2326 4354 declaratione
2356 4311 2523 4372 opus
2573 4295 2835 4358 habeat.

538 4437 920 4509 Capitulum
949 4434 1289 4494 XXXIIX.
1378 4426 1608 4488 Artem
1636 4425 1898 4504 qvidvis
1920 4425 2285 4486 fabricandi
2317 4435 2553 4488 natura
2577 4429 2841 4507 qvibus-

455 4532 605 4592 dam
637 4528 900 4601 indidit,
938 4527 1091 4587 licet
1122 4527 1290 4587 alius
1320 4526 1387 4587 in
1419 4526 1549 4588 alio
1594 4544 1831 4602 genere
1862 4526 2139 4587 alterum
2190 4528 2495 4601 excellat,
2533 4527 2686 4606 qvia
2736 4529 2844 4591 hic

525 4696 543 4729 1
556 4694 728 4746 Thus
