<?xml version="1.0" encoding="UTF-8"?>
<!DOCTYPE html PUBLIC "-//W3C//DTD XHTML 1.0 Transitional//EN"
    "http://www.w3.org/TR/xhtml1/DTD/xhtml1-transitional.dtd">
<html xmlns="http://www.w3.org/1999/xhtml" xml:lang="en" lang="en">
 <head>
  <title>
</title>
<meta http-equiv="Content-Type" content="text/html;charset=utf-8" />
  <meta name='ocr-system' content='tesseract 3.04.00' />
  <meta name='ocr-capabilities' content='ocr_page ocr_carea ocr_par ocr_line ocrx_word'/>
</head>
<body>
  <div class='ocr_page' id='page_1' title='image "annaliuminislan00hermgoog_0033.png"; bbox 0 0 3242 5684; ppageno 0'>
   <div class='ocr_carea' id='block_1_1' title="bbox 670 623 2095 688">
    <p class='ocr_par' dir='ltr' id='par_1_1' title="bbox 670 623 2095 688">
     <span class='ocr_line' id='line_1_1' title="bbox 670 623 2095 688; baseline 0.004 -7"><span class='ocrx_word' id='word_1_1' title='bbox 670 623 708 681; x_wconf 93' lang='lat'><strong>6</strong></span> <span class='ocrx_word' id='word_1_2' title='bbox 1626 632 2095 688; x_wconf 83' lang='lat' dir='ltr'><em>ISLANDICA</em></span> 
     </span>
    </p>
   </div>
   <div class='ocr_carea' id='block_1_2' title="bbox 643 801 3156 4683">
    <p class='ocr_par' dir='ltr' id='par_1_2' title="bbox 655 801 3156 2484">
     <span class='ocr_line' id='line_1_2' title="bbox 664 801 3065 886; baseline -0.001 -20"><span class='ocrx_word' id='word_1_3' title='bbox 664 813 875 866; x_wconf 88' lang='lat' dir='ltr'>strum</span> <span class='ocrx_word' id='word_1_4' title='bbox 908 805 1084 868; x_wconf 87' lang='lat' dir='ltr'>lente</span> <span class='ocrx_word' id='word_1_5' title='bbox 1115 805 1452 868; x_wconf 82' lang='lat' dir='ltr'>ferebatur</span> <span class='ocrx_word' id='word_1_6' title='bbox 1480 806 1548 866; x_wconf 90' lang='lat' dir='ltr'>in</span> <span class='ocrx_word' id='word_1_7' title='bbox 1579 805 1733 868; x_wconf 85' lang='lat' dir='ltr'>a&#39;e‘re</span> <span class='ocrx_word' id='word_1_8' title='bbox 1763 807 1845 867; x_wconf 95' lang='lat' dir='ltr'>ad</span> <span class='ocrx_word' id='word_1_9' title='bbox 1868 815 2158 869; x_wconf 89' lang='lat' dir='ltr'>montem</span> <span class='ocrx_word' id='word_1_10' title='bbox 2184 803 2522 881; x_wconf 83' lang='lat' dir='ltr'>Tindfiall,</span> <span class='ocrx_word' id='word_1_11' title='bbox 2556 805 2669 886; x_wconf 91' lang='lat' dir='ltr'>qvi</span> <span class='ocrx_word' id='word_1_12' title='bbox 2700 801 3065 868; x_wconf 80' lang='lat' dir='ltr'>Fliotshlid</span> 
     </span>
     <span class='ocr_line' id='line_1_3' title="bbox 665 903 3059 986; baseline -0.001 -20"><span class='ocrx_word' id='word_1_13' title='bbox 665 913 764 966; x_wconf 87' lang='lat' dir='ltr'>est</span> <span class='ocrx_word' id='word_1_14' title='bbox 835 903 1118 968; x_wconf 79' lang='lat' dir='ltr'>vicinus,</span> <span class='ocrx_word' id='word_1_15' title='bbox 1211 907 1382 968; x_wconf 89' lang='lat' dir='ltr'>Cum</span> <span class='ocrx_word' id='word_1_16' title='bbox 1439 915 1660 969; x_wconf 86' lang='lat' dir='ltr'>autem</span> <span class='ocrx_word' id='word_1_17' title='bbox 1720 907 1801 968; x_wconf 89' lang='lat' dir='ltr'>ad</span> <span class='ocrx_word' id='word_1_18' title='bbox 1860 907 2052 969; x_wconf 91' lang='lat' dir='ltr'>illum</span> <span class='ocrx_word' id='word_1_19' title='bbox 2108 915 2400 969; x_wconf 86' lang='lat' dir='ltr'>montem</span> <span class='ocrx_word' id='word_1_20' title='bbox 2471 906 3059 986; x_wconf 86' lang='lat' dir='ltr'>appropinqvaret‚</span> 
     </span>
     <span class='ocr_line' id='line_1_4' title="bbox 661 1005 3059 1087; baseline -0.001 -21"><span class='ocrx_word' id='word_1_21' title='bbox 661 1005 882 1066; x_wconf 88' lang='lat' dir='ltr'>visum</span> <span class='ocrx_word' id='word_1_22' title='bbox 928 1014 1029 1068; x_wconf 89' lang='lat' dir='ltr'>est</span> <span class='ocrx_word' id='word_1_23' title='bbox 1059 1007 1302 1068; x_wconf 91' lang='lat' dir='ltr'>mutari</span> <span class='ocrx_word' id='word_1_24' title='bbox 1350 1007 1418 1067; x_wconf 90' lang='lat' dir='ltr'>in</span> <span class='ocrx_word' id='word_1_25' title='bbox 1449 1005 1729 1067; x_wconf 85' lang='lat' dir='ltr'>formam</span> <span class='ocrx_word' id='word_1_26' title='bbox 1780 1007 2087 1068; x_wconf 89' lang='lat' dir='ltr'>draconis</span> <span class='ocrx_word' id='word_1_27' title='bbox 2124 1015 2322 1087; x_wconf 87' lang='lat' dir='ltr'>atqve</span> <span class='ocrx_word' id='word_1_28' title='bbox 2371 1007 2467 1067; x_wconf 93' lang='lat' dir='ltr'>ita</span> <span class='ocrx_word' id='word_1_29' title='bbox 2516 1025 2714 1086; x_wconf 89' lang='lat' dir='ltr'>super</span> <span class='ocrx_word' id='word_1_30' title='bbox 2764 1013 3059 1066; x_wconf 90' lang='lat' dir='ltr'>montem</span> 
     </span>
     <span class='ocr_line' id='line_1_5' title="bbox 663 1105 3156 1192; baseline -0.001 -26"><span class='ocrx_word' id='word_1_31' title='bbox 663 1105 1105 1167; x_wconf 89' lang='lat' dir='ltr'>constitutum</span> <span class='ocrx_word' id='word_1_32' title='bbox 1163 1106 1230 1166; x_wconf 90' lang='lat' dir='ltr'>in</span> <span class='ocrx_word' id='word_1_33' title='bbox 1291 1105 1731 1168; x_wconf 82' lang='lat' dir='ltr'>orbicularem</span> <span class='ocrx_word' id='word_1_34' title='bbox 1788 1107 2070 1168; x_wconf 83' lang='lat' dir='ltr'>formam</span> <span class='ocrx_word' id='word_1_35' title='bbox 2126 1107 2448 1169; x_wconf 87' lang='lat' dir='ltr'>converti.</span> <span class='ocrx_word' id='word_1_36' title='bbox 2570 1105 2821 1170; x_wconf 88' lang='lat' dir='ltr'>Eodem</span> <span class='ocrx_word' id='word_1_37' title='bbox 2880 1123 3062 1165; x_wconf 91' lang='lat' dir='ltr'>anno</span> <span class='ocrx_word' id='word_1_38' title='bbox 3155 1153 3156 1192; x_wconf 25' lang='grc' dir='ltr'><strong>ἦ</strong></span> 
     </span>
     <span class='ocr_line' id='line_1_6' title="bbox 662 1197 3156 1285; baseline -0.001 -19"><span class='ocrx_word' id='word_1_39' title='bbox 662 1223 860 1266; x_wconf 90' lang='lat' dir='ltr'>arena</span> <span class='ocrx_word' id='word_1_40' title='bbox 887 1223 1004 1267; x_wconf 90' lang='lat' dir='ltr'>seu</span> <span class='ocrx_word' id='word_1_41' title='bbox 1033 1215 1427 1268; x_wconf 86' lang='lat' dir='ltr'>exustorum</span> <span class='ocrx_word' id='word_1_42' title='bbox 1457 1205 1755 1285; x_wconf 90' lang='lat' dir='ltr'>lapidum</span> <span class='ocrx_word' id='word_1_43' title='bbox 1784 1225 1870 1268; x_wconf 86' lang='lat' dir='ltr'>ex</span> <span class='ocrx_word' id='word_1_44' title='bbox 1902 1207 2241 1268; x_wconf 88' lang='lat' dir='ltr'>montibus</span> <span class='ocrx_word' id='word_1_45' title='bbox 2277 1206 2741 1268; x_wconf 87' lang='lat' dir='ltr'>flammivomis</span> <span class='ocrx_word' id='word_1_46' title='bbox 2769 1206 2940 1266; x_wconf 88' lang='lat' dir='ltr'>cinis</span> <span class='ocrx_word' id='word_1_47' title='bbox 2993 1213 3059 1265; x_wconf 91' lang='lat' dir='ltr'>et</span> <span class='ocrx_word' id='word_1_48' title='bbox 3155 1197 3156 1248; x_wconf 55' lang='grc' dir='ltr'><strong>Τ</strong></span> 
     </span>
     <span class='ocr_line' id='line_1_7' title="bbox 663 1305 3053 1381; baseline -0 -15"><span class='ocrx_word' id='word_1_49' title='bbox 663 1305 892 1366; x_wconf 83' lang='lat' dir='ltr'>favilla</span> <span class='ocrx_word' id='word_1_50' title='bbox 921 1323 1184 1368; x_wconf 86' lang='lat' dir='ltr'>omnem</span> <span class='ocrx_word' id='word_1_51' title='bbox 1215 1314 1459 1367; x_wconf 90' lang='lat' dir='ltr'>terram</span> <span class='ocrx_word' id='word_1_52' title='bbox 1489 1314 1745 1368; x_wconf 86' lang='lat' dir='ltr'>tractus</span> <span class='ocrx_word' id='word_1_53' title='bbox 1776 1307 2221 1381; x_wconf 87' lang='lat' dir='ltr'>Myrdalensis</span> <span class='ocrx_word' id='word_1_54' title='bbox 2247 1307 2343 1368; x_wconf 87' lang='lat' dir='ltr'>ita</span> <span class='ocrx_word' id='word_1_55' title='bbox 2372 1306 2595 1368; x_wconf 90' lang='lat' dir='ltr'>obruit</span> <span class='ocrx_word' id='word_1_56' title='bbox 2626 1314 2692 1367; x_wconf 92' lang='lat' dir='ltr'>et</span> <span class='ocrx_word' id='word_1_57' title='bbox 2721 1305 3053 1378; x_wconf 84' lang='lat' dir='ltr'>oneravit,</span> 
     </span>
     <span class='ocr_line' id='line_1_8' title="bbox 663 1405 3066 1486; baseline -0.001 -19"><span class='ocrx_word' id='word_1_58' title='bbox 663 1413 738 1468; x_wconf 91' lang='lat' dir='ltr'>ut</span> <span class='ocrx_word' id='word_1_59' title='bbox 795 1406 1096 1484; x_wconf 83' lang='lat' dir='ltr'>pedestre</span> <span class='ocrx_word' id='word_1_60' title='bbox 1123 1405 1251 1466; x_wconf 90' lang='lat' dir='ltr'>iter</span> <span class='ocrx_word' id='word_1_61' title='bbox 1310 1405 1708 1467; x_wconf 82' lang='lat' dir='ltr'>facientibus</span> <span class='ocrx_word' id='word_1_62' title='bbox 1736 1407 1819 1467; x_wconf 93' lang='lat' dir='ltr'>ad</span> <span class='ocrx_word' id='word_1_63' title='bbox 1878 1407 2047 1468; x_wconf 89' lang='lat' dir='ltr'>talos</span> <span class='ocrx_word' id='word_1_64' title='bbox 2104 1425 2311 1486; x_wconf 85' lang='lat' dir='ltr'>usqve</span> <span class='ocrx_word' id='word_1_65' title='bbox 2365 1406 2473 1469; x_wconf 86' lang='lat' dir='ltr'>vel</span> <span class='ocrx_word' id='word_1_66' title='bbox 2529 1423 2799 1468; x_wconf 89' lang='lat' dir='ltr'>crurum</span> <span class='ocrx_word' id='word_1_67' title='bbox 2854 1414 3066 1466; x_wconf 88' lang='lat' dir='ltr'>tenus</span> 
     </span>
     <span class='ocr_line' id='line_1_9' title="bbox 659 1505 3061 1584; baseline 0 -19"><span class='ocrx_word' id='word_1_68' title='bbox 659 1505 1086 1584; x_wconf 89' lang='lat' dir='ltr'>pertingeret.</span> <span class='ocrx_word' id='word_1_69' title='bbox 1208 1508 1288 1566; x_wconf 90' lang='lat' dir='ltr'>In</span> <span class='ocrx_word' id='word_1_70' title='bbox 1350 1505 1596 1566; x_wconf 89' lang='lat' dir='ltr'>vicinia</span> <span class='ocrx_word' id='word_1_71' title='bbox 1654 1525 1813 1567; x_wconf 89' lang='lat' dir='ltr'>vero</span> <span class='ocrx_word' id='word_1_72' title='bbox 1884 1507 2141 1568; x_wconf 86' lang='lat' dir='ltr'>Holtiae</span> <span class='ocrx_word' id='word_1_73' title='bbox 2198 1505 2769 1582; x_wconf 69' lang='lat' dir='ltr'>Eyiafibllensium</span> <span class='ocrx_word' id='word_1_74' title='bbox 2840 1505 3061 1566; x_wconf 87' lang='lat' dir='ltr'>latum</span> 
     </span>
     <span class='ocr_line' id='line_1_10' title="bbox 660 1605 3059 1686; baseline 0.001 -22"><span class='ocrx_word' id='word_1_75' title='bbox 660 1605 947 1681; x_wconf 80' lang='lat' dir='ltr'>digitum</span> <span class='ocrx_word' id='word_1_76' title='bbox 1004 1624 1137 1667; x_wconf 90' lang='lat' dir='ltr'>non</span> <span class='ocrx_word' id='word_1_77' title='bbox 1195 1606 1644 1666; x_wconf 82' lang='lat' dir='ltr'>excrescebat.</span> <span class='ocrx_word' id='word_1_78' title='bbox 1739 1605 1883 1666; x_wconf 82' lang='lat' dir='ltr'>Nix</span> <span class='ocrx_word' id='word_1_79' title='bbox 1941 1607 2197 1668; x_wconf 90' lang='lat' dir='ltr'>modica</span> <span class='ocrx_word' id='word_1_80' title='bbox 2255 1606 2597 1686; x_wconf 89' lang='lat' dir='ltr'>mollisqve</span> <span class='ocrx_word' id='word_1_81' title='bbox 2652 1605 2885 1684; x_wconf 88' lang='lat' dir='ltr'>pluvia</span> <span class='ocrx_word' id='word_1_82' title='bbox 2930 1606 3059 1666; x_wconf 91' lang='lat' dir='ltr'>Dei</span> 
     </span>
     <span class='ocr_line' id='line_1_11' title="bbox 660 1704 3064 1783; baseline 0 -17"><span class='ocrx_word' id='word_1_83' title='bbox 660 1704 980 1766; x_wconf 88' lang='lat' dir='ltr'>beneficio</span> <span class='ocrx_word' id='word_1_84' title='bbox 1036 1705 1562 1778; x_wconf 87' lang='lat' dir='ltr'>intervenerunt,</span> <span class='ocrx_word' id='word_1_85' title='bbox 1613 1723 1697 1766; x_wconf 91' lang='lat' dir='ltr'>ne</span> <span class='ocrx_word' id='word_1_86' title='bbox 1754 1715 2098 1768; x_wconf 87' lang='lat' dir='ltr'>arenatum</span> <span class='ocrx_word' id='word_1_87' title='bbox 2159 1707 2341 1768; x_wconf 90' lang='lat' dir='ltr'>istud</span> <span class='ocrx_word' id='word_1_88' title='bbox 2399 1714 2594 1767; x_wconf 88' lang='lat' dir='ltr'>terrae</span> <span class='ocrx_word' id='word_1_89' title='bbox 2659 1705 3064 1783; x_wconf 83' lang='lat' dir='ltr'>frugibusve</span> 
     </span>
     <span class='ocr_line' id='line_1_12' title="bbox 659 1803 3059 1884; baseline 0 -19"><span class='ocrx_word' id='word_1_90' title='bbox 659 1813 946 1868; x_wconf 89' lang='lat' dir='ltr'>noceret.</span> <span class='ocrx_word' id='word_1_91' title='bbox 1037 1806 1282 1868; x_wconf 89' lang='lat' dir='ltr'>Scribit</span> <span class='ocrx_word' id='word_1_92' title='bbox 1335 1808 1462 1867; x_wconf 93' lang='lat' dir='ltr'>Dn.</span> <span class='ocrx_word' id='word_1_93' title='bbox 1503 1805 1773 1868; x_wconf 86' lang='lat' dir='ltr'>Gislaus</span> <span class='ocrx_word' id='word_1_94' title='bbox 1804 1803 2277 1868; x_wconf 85' lang='lat' dir='ltr'>Gudbrandus¹</span> <span class='ocrx_word' id='word_1_95' title='bbox 2325 1807 2495 1868; x_wconf 89' lang='lat' dir='ltr'>duos</span> <span class='ocrx_word' id='word_1_96' title='bbox 2544 1824 2817 1868; x_wconf 90' lang='lat' dir='ltr'>suorum</span> <span class='ocrx_word' id='word_1_97' title='bbox 2860 1825 3059 1884; x_wconf 88' lang='lat' dir='ltr'>paro-</span> 
     </span>
     <span class='ocr_line' id='line_1_13' title="bbox 658 1905 3061 1984; baseline -0 -18"><span class='ocrx_word' id='word_1_98' title='bbox 658 1905 1049 1967; x_wconf 90' lang='lat' dir='ltr'>chianorum</span> <span class='ocrx_word' id='word_1_99' title='bbox 1106 1905 1352 1967; x_wconf 87' lang='lat' dir='ltr'>vidisse</span> <span class='ocrx_word' id='word_1_100' title='bbox 1409 1906 1634 1984; x_wconf 88' lang='lat' dir='ltr'>ignem</span> <span class='ocrx_word' id='word_1_101' title='bbox 1692 1906 1761 1966; x_wconf 92' lang='lat' dir='ltr'>in</span> <span class='ocrx_word' id='word_1_102' title='bbox 1820 1906 2153 1984; x_wconf 83' lang='lat' dir='ltr'>profundo</span> <span class='ocrx_word' id='word_1_103' title='bbox 2209 1906 2409 1966; x_wconf 88' lang='lat' dir='ltr'>maris</span> <span class='ocrx_word' id='word_1_104' title='bbox 2462 1905 2909 1967; x_wconf 89' lang='lat' dir='ltr'>flammantem</span> <span class='ocrx_word' id='word_1_105' title='bbox 2984 1905 3061 1966; x_wconf 89' lang='lat' dir='ltr'>in</span> 
     </span>
     <span class='ocr_line' id='line_1_14' title="bbox 660 2005 3067 2079; baseline 0 -13"><span class='ocrx_word' id='word_1_106' title='bbox 660 2005 1083 2068; x_wconf 86' lang='lat' dir='ltr'>Hvamsfirde</span> <span class='ocrx_word' id='word_1_107' title='bbox 1104 2006 1277 2066; x_wconf 90' lang='lat' dir='ltr'>circa</span> <span class='ocrx_word' id='word_1_108' title='bbox 1309 2005 1744 2068; x_wconf 82' lang='lat' dir='ltr'>festivitatem</span> <span class='ocrx_word' id='word_1_109' title='bbox 1774 2005 2089 2070; x_wconf 87' lang='lat' dir='ltr'>Omnium</span> <span class='ocrx_word' id='word_1_110' title='bbox 2112 2006 2530 2079; x_wconf 88' lang='lat' dir='ltr'>Sanctorum,</span> <span class='ocrx_word' id='word_1_111' title='bbox 2561 2015 2625 2067; x_wconf 91' lang='lat' dir='ltr'>et</span> <span class='ocrx_word' id='word_1_112' title='bbox 2651 2005 2877 2066; x_wconf 89' lang='lat' dir='ltr'>haberi</span> <span class='ocrx_word' id='word_1_113' title='bbox 2902 2005 3067 2066; x_wconf 88' lang='lat' dir='ltr'>illos</span> 
     </span>
     <span class='ocr_line' id='line_1_15' title="bbox 657 2105 3067 2169; baseline -0.001 -1"><span class='ocrx_word' id='word_1_114' title='bbox 657 2114 860 2168; x_wconf 87' lang='lat' dir='ltr'>testes</span> <span class='ocrx_word' id='word_1_115' title='bbox 889 2106 1181 2168; x_wconf 58' lang='lat' dir='ltr'>idoneos„</span> <span class='ocrx_word' id='word_1_116' title='bbox 1273 2106 1518 2169; x_wconf 87' lang='lat' dir='ltr'>Scribit</span> <span class='ocrx_word' id='word_1_117' title='bbox 1549 2105 1711 2167; x_wconf 89' lang='lat' dir='ltr'>item</span> <span class='ocrx_word' id='word_1_118' title='bbox 1743 2116 2140 2167; x_wconf 83' lang='lat' dir='ltr'>mercatores</span> <span class='ocrx_word' id='word_1_119' title='bbox 2169 2108 2554 2167; x_wconf 88' lang='lat' dir='ltr'>Bremenses</span> <span class='ocrx_word' id='word_1_120' title='bbox 2582 2105 2827 2168; x_wconf 89' lang='lat' dir='ltr'>vidisse</span> <span class='ocrx_word' id='word_1_121' title='bbox 2856 2106 3067 2166; x_wconf 89' lang='lat' dir='ltr'>annis</span> 
     </span>
     <span class='ocr_line' id='line_1_16' title="bbox 655 2205 3063 2285; baseline -0 -18"><span class='ocrx_word' id='word_1_122' title='bbox 655 2215 832 2268; x_wconf 90' lang='lat' dir='ltr'>retro</span> <span class='ocrx_word' id='word_1_123' title='bbox 889 2225 963 2283; x_wconf 91' lang='lat'>14</span> <span class='ocrx_word' id='word_1_124' title='bbox 1007 2206 1231 2284; x_wconf 87' lang='lat' dir='ltr'>ignem</span> <span class='ocrx_word' id='word_1_125' title='bbox 1282 2207 1350 2267; x_wconf 92' lang='lat' dir='ltr'>in</span> <span class='ocrx_word' id='word_1_126' title='bbox 1382 2205 1582 2267; x_wconf 89' lang='lat' dir='ltr'>maris</span> <span class='ocrx_word' id='word_1_127' title='bbox 1629 2206 1964 2284; x_wconf 82' lang='lat' dir='ltr'>profundo</span> <span class='ocrx_word' id='word_1_128' title='bbox 2003 2206 2231 2268; x_wconf 88' lang='lat' dir='ltr'>ardere</span> <span class='ocrx_word' id='word_1_129' title='bbox 2284 2206 2479 2268; x_wconf 88' lang='lat' dir='ltr'>iuxta</span> <span class='ocrx_word' id='word_1_130' title='bbox 2522 2205 3063 2285; x_wconf 88' lang='lat' dir='ltr'>promontorium</span> 
     </span>
     <span class='ocr_line' id='line_1_17' title="bbox 657 2305 3067 2384; baseline -0.001 -16"><span class='ocrx_word' id='word_1_131' title='bbox 657 2306 1036 2381; x_wconf 87' lang='lat' dir='ltr'>Reykianes</span> <span class='ocrx_word' id='word_1_132' title='bbox 1067 2326 1197 2366; x_wconf 91' lang='lat' dir='ltr'>non</span> <span class='ocrx_word' id='word_1_133' title='bbox 1227 2307 1458 2384; x_wconf 90' lang='lat' dir='ltr'>procul</span> <span class='ocrx_word' id='word_1_134' title='bbox 1487 2305 1571 2366; x_wconf 93' lang='lat' dir='ltr'>ab</span> <span class='ocrx_word' id='word_1_135' title='bbox 1600 2305 1837 2367; x_wconf 89' lang='lat' dir='ltr'>insulis</span> <span class='ocrx_word' id='word_1_136' title='bbox 1868 2306 1952 2366; x_wconf 94' lang='lat' dir='ltr'>ab</span> <span class='ocrx_word' id='word_1_137' title='bbox 1980 2305 2122 2384; x_wconf 89' lang='lat' dir='ltr'>igni</span> <span class='ocrx_word' id='word_1_138' title='bbox 2154 2325 2394 2367; x_wconf 91' lang='lat' dir='ltr'>nomen</span> <span class='ocrx_word' id='word_1_139' title='bbox 2424 2306 2681 2368; x_wconf 84' lang='lat' dir='ltr'>sortitis</span> <span class='ocrx_word' id='word_1_140' title='bbox 2710 2305 3067 2380; x_wconf 81' lang='lat' dir='ltr'>Elldeyiar</span> 
     </span>
     <span class='ocr_line' id='line_1_18' title="bbox 655 2406 1342 2484; baseline -0.003 -15"><span class='ocrx_word' id='word_1_141' title='bbox 655 2408 762 2469; x_wconf 89' lang='lat' dir='ltr'>vel</span> <span class='ocrx_word' id='word_1_142' title='bbox 793 2406 1155 2484; x_wconf 58' lang='lat' dir='ltr'>Gygeyiar.</span> <span class='ocrx_word' id='word_1_143' title='bbox 1329 2475 1342 2484; x_wconf 52' lang='grc'><strong><em>,</em></strong></span> 
     </span>
    </p>

    <p class='ocr_par' dir='ltr' id='par_1_3' title="bbox 647 2504 3067 3769">
     <span class='ocr_line' id='line_1_19' title="bbox 738 2504 3065 2584; baseline 0.001 -19"><span class='ocrx_word' id='word_1_144' title='bbox 738 2515 936 2574; x_wconf 83' lang='lat' dir='ltr'>Anno</span> <span class='ocrx_word' id='word_1_145' title='bbox 969 2513 1127 2575; x_wconf 84' lang='lat'>1598</span> <span class='ocrx_word' id='word_1_146' title='bbox 1173 2507 1503 2582; x_wconf 90' lang='lat' dir='ltr'>Repertus</span> <span class='ocrx_word' id='word_1_147' title='bbox 1531 2513 1633 2566; x_wconf 91' lang='lat' dir='ltr'>est</span> <span class='ocrx_word' id='word_1_148' title='bbox 1663 2523 1914 2584; x_wconf 87' lang='lat' dir='ltr'>pauper</span> <span class='ocrx_word' id='word_1_149' title='bbox 1945 2504 2210 2583; x_wconf 88' lang='lat' dir='ltr'>qvidam</span> <span class='ocrx_word' id='word_1_150' title='bbox 2240 2505 2531 2567; x_wconf 87' lang='lat' dir='ltr'>rusticus</span> <span class='ocrx_word' id='word_1_151' title='bbox 2559 2506 2629 2566; x_wconf 93' lang='lat' dir='ltr'>in</span> <span class='ocrx_word' id='word_1_152' title='bbox 2660 2504 2871 2567; x_wconf 89' lang='lat' dir='ltr'>foenili</span> <span class='ocrx_word' id='word_1_153' title='bbox 2926 2525 3065 2567; x_wconf 88' lang='lat' dir='ltr'>suo</span> 
     </span>
     <span class='ocr_line' id='line_1_20' title="bbox 653 2602 3065 2685; baseline 0 -19"><span class='ocrx_word' id='word_1_154' title='bbox 653 2615 958 2667; x_wconf 88' lang='lat' dir='ltr'>mortuus</span> <span class='ocrx_word' id='word_1_155' title='bbox 987 2605 1056 2665; x_wconf 91' lang='lat' dir='ltr'>in</span> <span class='ocrx_word' id='word_1_156' title='bbox 1085 2604 1427 2683; x_wconf 90' lang='lat' dir='ltr'>provincia</span> <span class='ocrx_word' id='word_1_157' title='bbox 1459 2602 1858 2666; x_wconf 66' lang='lat' dir='ltr'>Fellstriind.</span> <span class='ocrx_word' id='word_1_158' title='bbox 1952 2605 2311 2666; x_wconf 89' lang='lat' dir='ltr'>Domestici</span> <span class='ocrx_word' id='word_1_159' title='bbox 2342 2624 2583 2685; x_wconf 89' lang='lat' dir='ltr'>corpus</span> <span class='ocrx_word' id='word_1_160' title='bbox 2610 2605 2949 2667; x_wconf 89' lang='lat' dir='ltr'>sublatum</span> <span class='ocrx_word' id='word_1_161' title='bbox 2981 2607 3065 2667; x_wconf 90' lang='lat' dir='ltr'>in</span> 
     </span>
     <span class='ocr_line' id='line_1_21' title="bbox 653 2704 3067 2782; baseline -0 -14"><span class='ocrx_word' id='word_1_162' title='bbox 653 2706 1034 2768; x_wconf 89' lang='lat' dir='ltr'>cubiculum</span> <span class='ocrx_word' id='word_1_163' title='bbox 1092 2705 1442 2782; x_wconf 88' lang='lat' dir='ltr'>deportant</span> <span class='ocrx_word' id='word_1_164' title='bbox 1471 2712 1566 2766; x_wconf 82' lang='lat' dir='ltr'>et</span> <span class='ocrx_word' id='word_1_165' title='bbox 1626 2704 1849 2766; x_wconf 89' lang='lat' dir='ltr'>linteis</span> <span class='ocrx_word' id='word_1_166' title='bbox 1906 2704 2282 2767; x_wconf 87' lang='lat' dir='ltr'>involvunt.</span> <span class='ocrx_word' id='word_1_167' title='bbox 2377 2708 2475 2767; x_wconf 91' lang='lat' dir='ltr'>De</span> <span class='ocrx_word' id='word_1_168' title='bbox 2533 2706 2792 2767; x_wconf 85' lang='lat' dir='ltr'>eaeteris</span> <span class='ocrx_word' id='word_1_169' title='bbox 2848 2705 3067 2767; x_wconf 87' lang='lat' dir='ltr'>nimis</span> 
     </span>
     <span class='ocr_line' id='line_1_22' title="bbox 652 2803 3065 2884; baseline 0.001 -17"><span class='ocrx_word' id='word_1_170' title='bbox 652 2804 891 2882; x_wconf 88' lang='lat' dir='ltr'>incurij</span> <span class='ocrx_word' id='word_1_171' title='bbox 928 2813 1004 2866; x_wconf 92' lang='lat' dir='ltr'>ut</span> <span class='ocrx_word' id='word_1_172' title='bbox 1035 2804 1202 2865; x_wconf 90' lang='lat' dir='ltr'>nihil</span> <span class='ocrx_word' id='word_1_173' title='bbox 1236 2803 1390 2864; x_wconf 90' lang='lat' dir='ltr'>mali</span> <span class='ocrx_word' id='word_1_174' title='bbox 1420 2804 1739 2883; x_wconf 89' lang='lat' dir='ltr'>suspicati</span> <span class='ocrx_word' id='word_1_175' title='bbox 1784 2805 2217 2878; x_wconf 86' lang='lat' dir='ltr'>advocantur,</span> <span class='ocrx_word' id='word_1_176' title='bbox 2255 2805 2366 2884; x_wconf 87' lang='lat' dir='ltr'>qvi</span> <span class='ocrx_word' id='word_1_177' title='bbox 2421 2806 2624 2868; x_wconf 82' lang='lat' dir='ltr'>funus</span> <span class='ocrx_word' id='word_1_178' title='bbox 2652 2805 2926 2867; x_wconf 84' lang='lat' dir='ltr'>efferent</span> <span class='ocrx_word' id='word_1_179' title='bbox 2984 2816 3065 2869; x_wconf 88' lang='lat' dir='ltr'>et</span> 
     </span>
     <span class='ocr_line' id='line_1_23' title="bbox 652 2905 3063 2985; baseline 0 -18"><span class='ocrx_word' id='word_1_180' title='bbox 652 2906 1013 2985; x_wconf 80' lang='lat' dir='ltr'>sepulturae</span> <span class='ocrx_word' id='word_1_181' title='bbox 1035 2905 1370 2978; x_wconf 89' lang='lat' dir='ltr'>mandent,</span> <span class='ocrx_word' id='word_1_182' title='bbox 1410 2923 1692 2983; x_wconf 89' lang='lat' dir='ltr'>qvorum</span> <span class='ocrx_word' id='word_1_183' title='bbox 1720 2905 1876 2979; x_wconf 90' lang='lat' dir='ltr'>du0,</span> <span class='ocrx_word' id='word_1_184' title='bbox 1911 2915 2100 2983; x_wconf 89' lang='lat' dir='ltr'>pater</span> <span class='ocrx_word' id='word_1_185' title='bbox 2130 2923 2281 2966; x_wconf 90' lang='lat' dir='ltr'>cum</span> <span class='ocrx_word' id='word_1_186' title='bbox 2312 2905 2470 2980; x_wconf 89' lang='lat' dir='ltr'>filio,</span> <span class='ocrx_word' id='word_1_187' title='bbox 2506 2924 2708 2984; x_wconf 89' lang='lat' dir='ltr'>qvum</span> <span class='ocrx_word' id='word_1_188' title='bbox 2739 2906 3063 2967; x_wconf 87' lang='lat' dir='ltr'>cadaveri</span> 
     </span>
     <span class='ocr_line' id='line_1_24' title="bbox 651 3005 3059 3087; baseline 0 -20"><span class='ocrx_word' id='word_1_189' title='bbox 651 3006 922 3087; x_wconf 89' lang='lat' dir='ltr'>propius</span> <span class='ocrx_word' id='word_1_190' title='bbox 979 3005 1383 3078; x_wconf 87' lang='lat' dir='ltr'>accederent,</span> <span class='ocrx_word' id='word_1_191' title='bbox 1418 3005 1691 3082; x_wconf 87' lang='lat' dir='ltr'>sangvis</span> <span class='ocrx_word' id='word_1_192' title='bbox 1741 3024 1829 3066; x_wconf 87' lang='lat' dir='ltr'>ex</span> <span class='ocrx_word' id='word_1_193' title='bbox 1880 3005 2124 3066; x_wconf 88' lang='lat' dir='ltr'>mortui</span> <span class='ocrx_word' id='word_1_194' title='bbox 2155 3005 2371 3084; x_wconf 88' lang='lat' dir='ltr'>capite</span> <span class='ocrx_word' id='word_1_195' title='bbox 2418 3006 2747 3067; x_wconf 89' lang='lat' dir='ltr'>manabat.</span> <span class='ocrx_word' id='word_1_196' title='bbox 2840 3007 3059 3068; x_wconf 88' lang='lat' dir='ltr'>Rece-</span> 
     </span>
     <span class='ocr_line' id='line_1_25' title="bbox 649 3103 3065 3184; baseline 0 -16"><span class='ocrx_word' id='word_1_197' title='bbox 649 3107 964 3168; x_wconf 88' lang='lat' dir='ltr'>dentibus</span> <span class='ocrx_word' id='word_1_198' title='bbox 993 3113 1216 3167; x_wconf 90' lang='lat' dir='ltr'>autem</span> <span class='ocrx_word' id='word_1_199' title='bbox 1244 3103 1376 3165; x_wconf 91' lang='lat' dir='ltr'>illis</span> <span class='ocrx_word' id='word_1_200' title='bbox 1404 3104 1785 3168; x_wconf 84' lang='lat' dir='ltr'>sistebatur.</span> <span class='ocrx_word' id='word_1_201' title='bbox 1880 3106 2176 3183; x_wconf 89' lang='lat' dir='ltr'>Cumqve</span> <span class='ocrx_word' id='word_1_202' title='bbox 2206 3104 2457 3184; x_wconf 91' lang='lat' dir='ltr'>aliqvot</span> <span class='ocrx_word' id='word_1_203' title='bbox 2487 3105 2745 3167; x_wconf 88' lang='lat' dir='ltr'>vicibus</span> <span class='ocrx_word' id='word_1_204' title='bbox 2772 3105 3065 3182; x_wconf 83' lang='lat' dir='ltr'>sangvis</span> 
     </span>
     <span class='ocr_line' id='line_1_26' title="bbox 649 3204 3061 3283; baseline -0.001 -13"><span class='ocrx_word' id='word_1_205' title='bbox 649 3216 715 3270; x_wconf 92' lang='lat' dir='ltr'>et</span> <span class='ocrx_word' id='word_1_206' title='bbox 747 3215 1074 3268; x_wconf 88' lang='lat' dir='ltr'>manasset</span> <span class='ocrx_word' id='word_1_207' title='bbox 1105 3213 1171 3266; x_wconf 91' lang='lat' dir='ltr'>et</span> <span class='ocrx_word' id='word_1_208' title='bbox 1201 3205 1629 3280; x_wconf 89' lang='lat' dir='ltr'>constitisset,</span> <span class='ocrx_word' id='word_1_209' title='bbox 1666 3205 2037 3282; x_wconf 87' lang='lat' dir='ltr'>Sigvardus</span> <span class='ocrx_word' id='word_1_210' title='bbox 2060 3204 2327 3283; x_wconf 91' lang='lat' dir='ltr'>qvidam</span> <span class='ocrx_word' id='word_1_211' title='bbox 2349 3204 2659 3266; x_wconf 88' lang='lat' dir='ltr'>Arnfinni</span> <span class='ocrx_word' id='word_1_212' title='bbox 2682 3205 3061 3267; x_wconf 87' lang='lat' dir='ltr'>amiculum</span> 
     </span>
     <span class='ocr_line' id='line_1_27' title="bbox 650 3304 3061 3391; baseline 0 -23"><span class='ocrx_word' id='word_1_213' title='bbox 650 3308 872 3382; x_wconf 87' lang='lat' dir='ltr'>ferale,</span> <span class='ocrx_word' id='word_1_214' title='bbox 910 3326 1038 3386; x_wconf 89' lang='lat' dir='ltr'>qva</span> <span class='ocrx_word' id='word_1_215' title='bbox 1067 3315 1266 3384; x_wconf 91' lang='lat' dir='ltr'>caput</span> <span class='ocrx_word' id='word_1_216' title='bbox 1300 3306 1588 3382; x_wconf 89' lang='lat' dir='ltr'>tegebat,</span> <span class='ocrx_word' id='word_1_217' title='bbox 1624 3304 1887 3379; x_wconf 89' lang='lat' dir='ltr'>dissuit,</span> <span class='ocrx_word' id='word_1_218' title='bbox 1924 3305 2312 3383; x_wconf 84' lang='lat' dir='ltr'>invenitqve</span> <span class='ocrx_word' id='word_1_219' title='bbox 2342 3305 2412 3366; x_wconf 92' lang='lat' dir='ltr'>in</span> <span class='ocrx_word' id='word_1_220' title='bbox 2434 3304 2751 3391; x_wconf 36' lang='lat' dir='ltr'>‘occipitio</span> <span class='ocrx_word' id='word_1_221' title='bbox 2795 3305 3061 3368; x_wconf 87' lang='lat' dir='ltr'>vulnus</span> 
     </span>
     <span class='ocr_line' id='line_1_28' title="bbox 648 3403 3061 3486; baseline -0.001 -16"><span class='ocrx_word' id='word_1_222' title='bbox 648 3418 782 3471; x_wconf 90' lang='lat' dir='ltr'>tres</span> <span class='ocrx_word' id='word_1_223' title='bbox 831 3408 1079 3486; x_wconf 90' lang='lat' dir='ltr'>digitos</span> <span class='ocrx_word' id='word_1_224' title='bbox 1130 3404 1382 3467; x_wconf 82' lang='lat' dir='ltr'>latum&#39;.</span> <span class='ocrx_word' id='word_1_225' title='bbox 1477 3408 1713 3467; x_wconf 85' lang='lat' dir='ltr'>Postea</span> <span class='ocrx_word' id='word_1_226' title='bbox 1744 3405 1851 3466; x_wconf 92' lang='lat' dir='ltr'>die</span> <span class='ocrx_word' id='word_1_227' title='bbox 1891 3406 1974 3466; x_wconf 93' lang='lat' dir='ltr'>ad</span> <span class='ocrx_word' id='word_1_228' title='bbox 2024 3405 2474 3481; x_wconf 88' lang='lat' dir='ltr'>cognitionem</span> <span class='ocrx_word' id='word_1_229' title='bbox 2519 3403 2739 3466; x_wconf 83' lang='lat' dir='ltr'>cau‘sae</span> <span class='ocrx_word' id='word_1_230' title='bbox 2788 3405 3061 3468; x_wconf 90' lang='lat' dir='ltr'>indicto</span> 
     </span>
     <span class='ocr_line' id='line_1_29' title="bbox 649 3504 3049 3587; baseline 0 -19"><span class='ocrx_word' id='word_1_231' title='bbox 649 3508 916 3587; x_wconf 91' lang='lat' dir='ltr'>qvidam</span> <span class='ocrx_word' id='word_1_232' title='bbox 944 3508 1027 3567; x_wconf 88' lang='lat' dir='ltr'>de</span> <span class='ocrx_word' id='word_1_233' title='bbox 1057 3505 1353 3568; x_wconf 85' lang='lat' dir='ltr'>vulneris</span> <span class='ocrx_word' id='word_1_234' title='bbox 1392 3505 1690 3566; x_wconf 88' lang='lat' dir='ltr'>illatione</span> <span class='ocrx_word' id='word_1_235' title='bbox 1720 3514 2068 3584; x_wconf 88' lang='lat' dir='ltr'>suspectus</span> <span class='ocrx_word' id='word_1_236' title='bbox 2115 3504 2550 3582; x_wconf 87' lang='lat' dir='ltr'>jurejurando</span> <span class='ocrx_word' id='word_1_237' title='bbox 2578 3525 2648 3566; x_wconf 90' lang='lat' dir='ltr'>se</span> <span class='ocrx_word' id='word_1_238' title='bbox 2698 3505 3049 3584; x_wconf 89' lang='lat' dir='ltr'>purgavit.</span> 
     </span>
     <span class='ocr_line' id='line_1_30' title="bbox 648 3604 3053 3685; baseline -0 -17"><span class='ocrx_word' id='word_1_239' title='bbox 648 3610 915 3668; x_wconf 88' lang='lat' dir='ltr'>Interea</span> <span class='ocrx_word' id='word_1_240' title='bbox 963 3606 1233 3682; x_wconf 90' lang='lat' dir='ltr'>sangvis</span> <span class='ocrx_word' id='word_1_241' title='bbox 1281 3623 1513 3666; x_wconf 90' lang='lat' dir='ltr'>sereno</span> <span class='ocrx_word' id='word_1_242' title='bbox 1563 3605 1731 3666; x_wconf 87' lang='lat' dir='ltr'>coelo</span> <span class='ocrx_word' id='word_1_243' title='bbox 1768 3605 1993 3683; x_wconf 89' lang='lat' dir='ltr'>lapsus</span> <span class='ocrx_word' id='word_1_244' title='bbox 2043 3605 2111 3665; x_wconf 92' lang='lat' dir='ltr'>in</span> <span class='ocrx_word' id='word_1_245' title='bbox 2162 3605 2405 3666; x_wconf 91' lang='lat' dir='ltr'>librum</span> <span class='ocrx_word' id='word_1_246' title='bbox 2453 3604 2700 3682; x_wconf 86' lang='lat' dir='ltr'>judicis</span> <span class='ocrx_word' id='word_1_247' title='bbox 2739 3605 3053 3685; x_wconf 88' lang='lat' dir='ltr'>primarij</span> 
     </span>
     <span class='ocr_line' id='line_1_31' title="bbox 647 3707 916 3769; baseline 0 -1"><span class='ocrx_word' id='word_1_248' title='bbox 647 3707 916 3769; x_wconf 90' lang='lat' dir='ltr'>decidit.</span> 
     </span>
    </p>

    <p class='ocr_par' dir='ltr' id='par_1_4' title="bbox 643 3803 3056 4683">
     <span class='ocr_line' id='line_1_32' title="bbox 733 3803 3053 3884; baseline -0.001 -16"><span class='ocrx_word' id='word_1_249' title='bbox 733 3806 984 3872; x_wconf 87' lang='lat' dir='ltr'>Eodem</span> <span class='ocrx_word' id='word_1_250' title='bbox 1035 3823 1208 3866; x_wconf 91' lang='lat' dir='ltr'>anno</span> <span class='ocrx_word' id='word_1_251' title='bbox 1242 3822 1316 3882; x_wconf 91' lang='lat'>27</span> <span class='ocrx_word' id='word_1_252' title='bbox 1374 3803 1771 3865; x_wconf 87' lang='lat' dir='ltr'>Novembris</span> <span class='ocrx_word' id='word_1_253' title='bbox 1799 3804 2018 3882; x_wconf 89' lang='lat' dir='ltr'>puella</span> <span class='ocrx_word' id='word_1_254' title='bbox 2056 3805 2362 3883; x_wconf 85' lang='lat' dir='ltr'>quaedam</span> <span class='ocrx_word' id='word_1_255' title='bbox 2395 3806 2751 3866; x_wconf 89' lang='lat' dir='ltr'>Huammae</span> <span class='ocrx_word' id='word_1_256' title='bbox 2780 3807 3053 3884; x_wconf 82' lang='lat' dir='ltr'>Lauga-</span> 
     </span>
     <span class='ocr_line' id='line_1_33' title="bbox 646 3900 3053 3984; baseline -0 -16"><span class='ocrx_word' id='word_1_257' title='bbox 646 3907 1014 3970; x_wconf 90' lang='lat' dir='ltr'>dalensium</span> <span class='ocrx_word' id='word_1_258' title='bbox 1046 3905 1115 3965; x_wconf 92' lang='lat' dir='ltr'>in</span> <span class='ocrx_word' id='word_1_259' title='bbox 1144 3904 1458 3983; x_wconf 88' lang='lat' dir='ltr'>parochia</span> <span class='ocrx_word' id='word_1_260' title='bbox 1491 3900 1734 3963; x_wconf 82' lang='lat' dir='ltr'>Hlidar</span> <span class='ocrx_word' id='word_1_261' title='bbox 1762 3903 1831 3963; x_wconf 91' lang='lat' dir='ltr'>in</span> <span class='ocrx_word' id='word_1_262' title='bbox 1864 3904 2141 3965; x_wconf 91' lang='lat' dir='ltr'>multam</span> <span class='ocrx_word' id='word_1_263' title='bbox 2171 3912 2435 3966; x_wconf 90' lang='lat' dir='ltr'>noctem</span> <span class='ocrx_word' id='word_1_264' title='bbox 2464 3923 2695 3966; x_wconf 89' lang='lat' dir='ltr'>somno</span> <span class='ocrx_word' id='word_1_265' title='bbox 2734 3905 3053 3984; x_wconf 85' lang='lat' dir='ltr'>prohibe-</span> 
     </span>
     <span class='ocr_line' id='line_1_34' title="bbox 644 4001 3051 4082; baseline -0.001 -12"><span class='ocrx_word' id='word_1_266' title='bbox 644 4009 862 4082; x_wconf 87' lang='lat' dir='ltr'>batur,</span> <span class='ocrx_word' id='word_1_267' title='bbox 891 4007 1102 4068; x_wconf 91' lang='lat' dir='ltr'>donee</span> <span class='ocrx_word' id='word_1_268' title='bbox 1132 4005 1308 4066; x_wconf 88' lang='lat' dir='ltr'>foras</span> <span class='ocrx_word' id='word_1_269' title='bbox 1339 4021 1602 4082; x_wconf 86' lang='lat' dir='ltr'>egressa</span> <span class='ocrx_word' id='word_1_270' title='bbox 1628 4001 1992 4064; x_wconf 85' lang='lat' dir='ltr'>saxicolam</span> <span class='ocrx_word' id='word_1_271' title='bbox 2023 4006 2351 4082; x_wconf 88' lang='lat' dir='ltr'>quendam</span> <span class='ocrx_word' id='word_1_272' title='bbox 2381 4022 2498 4066; x_wconf 90' lang='lat' dir='ltr'>seu</span> <span class='ocrx_word' id='word_1_273' title='bbox 2530 4006 2864 4068; x_wconf 89' lang='lat' dir='ltr'>hominem</span> <span class='ocrx_word' id='word_1_274' title='bbox 2886 4007 3051 4068; x_wconf 89' lang='lat' dir='ltr'>sub-</span> 
     </span>
     <span class='ocr_line' id='line_1_35' title="bbox 645 4103 3053 4182; baseline -0.001 -11"><span class='ocrx_word' id='word_1_275' title='bbox 645 4118 1022 4171; x_wconf 88' lang='lat' dir='ltr'>terraneum</span> <span class='ocrx_word' id='word_1_276' title='bbox 1044 4104 1321 4178; x_wconf 89' lang='lat' dir='ltr'>videret,</span> <span class='ocrx_word' id='word_1_277' title='bbox 1360 4103 1472 4182; x_wconf 90' lang='lat' dir='ltr'>qvi</span> <span class='ocrx_word' id='word_1_278' title='bbox 1504 4121 1648 4164; x_wconf 89' lang='lat' dir='ltr'>eam</span> <span class='ocrx_word' id='word_1_279' title='bbox 1697 4103 2098 4181; x_wconf 89' lang='lat' dir='ltr'>compellans</span> <span class='ocrx_word' id='word_1_280' title='bbox 2128 4103 2339 4166; x_wconf 72' lang='lat' dir='ltr'>amice</span> <span class='ocrx_word' id='word_1_281' title='bbox 2391 4105 2674 4182; x_wconf 87' lang='lat' dir='ltr'>rogavit,</span> <span class='ocrx_word' id='word_1_282' title='bbox 2713 4114 2788 4167; x_wconf 92' lang='lat' dir='ltr'>ut</span> <span class='ocrx_word' id='word_1_283' title='bbox 2839 4109 3053 4169; x_wconf 86' lang='lat' dir='ltr'>uxori</span> 
     </span>
     <span class='ocr_line' id='line_1_36' title="bbox 643 4202 3051 4288; baseline 0.001 -19"><span class='ocrx_word' id='word_1_284' title='bbox 643 4204 1042 4288; x_wconf 88' lang='lat' dir='ltr'>parturienti</span> <span class='ocrx_word' id='word_1_285' title='bbox 1093 4204 1464 4265; x_wconf 88' lang='lat' dir='ltr'>adsisteret.</span> <span class='ocrx_word' id='word_1_286' title='bbox 1587 4204 1713 4263; x_wconf 93' lang='lat' dir='ltr'>Illa</span> <span class='ocrx_word' id='word_1_287' title='bbox 1762 4202 1982 4264; x_wconf 90' lang='lat' dir='ltr'>renuit</span> <span class='ocrx_word' id='word_1_288' title='bbox 2035 4211 2099 4264; x_wconf 91' lang='lat' dir='ltr'>et</span> <span class='ocrx_word' id='word_1_289' title='bbox 2159 4203 2540 4266; x_wconf 90' lang='lat' dir='ltr'>cubiculum</span> <span class='ocrx_word' id='word_1_290' title='bbox 2591 4204 2832 4267; x_wconf 89' lang='lat' dir='ltr'>iterum</span> <span class='ocrx_word' id='word_1_291' title='bbox 2890 4207 3051 4272; x_wconf 81' lang='lat' dir='ltr'>dor-</span> 
     </span>
     <span class='ocr_line' id='line_1_37' title="bbox 645 4303 3051 4384; baseline -0 -15"><span class='ocrx_word' id='word_1_292' title='bbox 645 4309 889 4369; x_wconf 90' lang='lat' dir='ltr'>mitura</span> <span class='ocrx_word' id='word_1_293' title='bbox 918 4305 1298 4384; x_wconf 80' lang='lat' dir='ltr'>repetebat3</span> <span class='ocrx_word' id='word_1_294' title='bbox 1347 4303 1500 4382; x_wconf 88' lang='lat' dir='ltr'>qvia</span> <span class='ocrx_word' id='word_1_295' title='bbox 1554 4321 1713 4364; x_wconf 91' lang='lat' dir='ltr'>vero</span> <span class='ocrx_word' id='word_1_296' title='bbox 1764 4321 2068 4364; x_wconf 90' lang='lat' dir='ltr'>somnum</span> <span class='ocrx_word' id='word_1_297' title='bbox 2119 4304 2331 4365; x_wconf 90' lang='lat' dir='ltr'>oculis</span> <span class='ocrx_word' id='word_1_298' title='bbox 2379 4305 2597 4366; x_wconf 83' lang='lat' dir='ltr'>adhuc</span> <span class='ocrx_word' id='word_1_299' title='bbox 2627 4305 2851 4366; x_wconf 90' lang='lat' dir='ltr'>videre</span> <span class='ocrx_word' id='word_1_300' title='bbox 2902 4325 3051 4368; x_wconf 91' lang='lat' dir='ltr'>non</span> 
     </span>
     <span class='ocr_line' id='line_1_38' title="bbox 643 4401 3050 4487; baseline -0 -18"><span class='ocrx_word' id='word_1_301' title='bbox 643 4414 923 4487; x_wconf 88' lang='lat' dir='ltr'>poterat,</span> <span class='ocrx_word' id='word_1_302' title='bbox 961 4405 1166 4466; x_wconf 90' lang='lat' dir='ltr'>altera</span> <span class='ocrx_word' id='word_1_303' title='bbox 1195 4404 1340 4465; x_wconf 90' lang='lat' dir='ltr'>vice</span> <span class='ocrx_word' id='word_1_304' title='bbox 1371 4402 1713 4481; x_wconf 90' lang='lat' dir='ltr'>egreditur</span> <span class='ocrx_word' id='word_1_305' title='bbox 1741 4410 1807 4463; x_wconf 91' lang='lat' dir='ltr'>et</span> <span class='ocrx_word' id='word_1_306' title='bbox 1835 4401 1968 4479; x_wconf 88' lang='lat' dir='ltr'>jam</span> <span class='ocrx_word' id='word_1_307' title='bbox 2022 4404 2312 4465; x_wconf 90' lang='lat' dir='ltr'>secundo</span> <span class='ocrx_word' id='word_1_308' title='bbox 2341 4405 2422 4464; x_wconf 92' lang='lat' dir='ltr'>ad</span> <span class='ocrx_word' id='word_1_309' title='bbox 2474 4404 2601 4466; x_wconf 89' lang='lat' dir='ltr'>iter</span> <span class='ocrx_word' id='word_1_310' title='bbox 2630 4413 2696 4466; x_wconf 91' lang='lat' dir='ltr'>et</span> <span class='ocrx_word' id='word_1_311' title='bbox 2746 4404 3050 4468; x_wconf 89' lang='lat' dir='ltr'>officium</span> 
     </span>
     <span class='ocr_line' id='line_1_39' title="bbox 643 4502 3056 4581; baseline -0.001 -12"><span class='ocrx_word' id='word_1_312' title='bbox 643 4505 1017 4569; x_wconf 88' lang='lat' dir='ltr'>obstetricis</span> <span class='ocrx_word' id='word_1_313' title='bbox 1045 4503 1400 4566; x_wconf 89' lang='lat' dir='ltr'>sollicitata</span> <span class='ocrx_word' id='word_1_314' title='bbox 1421 4502 1663 4581; x_wconf 90' lang='lat' dir='ltr'>paruit,</span> <span class='ocrx_word' id='word_1_315' title='bbox 1693 4510 1759 4563; x_wconf 89' lang='lat' dir='ltr'>et</span> <span class='ocrx_word' id='word_1_316' title='bbox 1783 4520 1978 4581; x_wconf 87' lang='lat' dir='ltr'>qvem</span> <span class='ocrx_word' id='word_1_317' title='bbox 2002 4503 2285 4565; x_wconf 89' lang='lat' dir='ltr'>habebat</span> <span class='ocrx_word' id='word_1_318' title='bbox 2310 4505 2564 4580; x_wconf 90' lang='lat' dir='ltr'>ducem,</span> <span class='ocrx_word' id='word_1_319' title='bbox 2595 4505 3056 4567; x_wconf 88' lang='lat' dir='ltr'>comitabatur</span> 
     </span>
     <span class='ocr_line' id='line_1_40' title="bbox 643 4601 3051 4683; baseline -0 -15"><span class='ocrx_word' id='word_1_320' title='bbox 643 4609 712 4668; x_wconf 91' lang='lat' dir='ltr'>in</span> <span class='ocrx_word' id='word_1_321' title='bbox 737 4608 976 4668; x_wconf 90' lang='lat' dir='ltr'>vallem</span> <span class='ocrx_word' id='word_1_322' title='bbox 1005 4612 1323 4666; x_wconf 89' lang='lat' dir='ltr'>remotam</span> <span class='ocrx_word' id='word_1_323' title='bbox 1341 4601 1653 4680; x_wconf 88' lang='lat' dir='ltr'>Vijdedal</span> <span class='ocrx_word' id='word_1_324' title='bbox 1674 4601 1942 4665; x_wconf 89' lang='lat' dir='ltr'>dictam.</span> <span class='ocrx_word' id='word_1_325' title='bbox 1995 4603 2383 4682; x_wconf 90' lang='lat' dir='ltr'>Ibidemque</span> <span class='ocrx_word' id='word_1_326' title='bbox 2403 4605 2674 4666; x_wconf 90' lang='lat' dir='ltr'>domum</span> <span class='ocrx_word' id='word_1_327' title='bbox 2696 4613 3051 4683; x_wconf 87' lang='lat' dir='ltr'>patentem</span> 
     </span>
    </p>
   </div>
  </div>
 </body>
</html>
