3242 5684
1120 639 1242 692 DE
1273 638 1740 693 MJRABJLJB
1749 640 1846 693 σε
2586 645 2663 706 75

279 808 421 870 bitu
483 809 756 871 familiae
814 811 1118 888 qvaedam
1175 818 1354 872 natae
1411 819 1486 872 ut
1543 809 1936 885 Mbkollsoett,
1975 811 2041 872 id
2088 821 2211 885 est,
2278 812 2527 872 familia
2583 813 2665 872 de

287 908 583 971 Mokollo
653 910 832 970 alfvo
901 910 1324 972 descendens.
1447 910 1710 972 Priores
1763 910 1881 984 illi,
1945 911 2363 985 huldumenn‚
2428 911 2671 973 nostris

283 1008 500 1084 invisi,
538 1007 794 1087 injurij,
831 1009 1137 1084 inviduli,
1172 1010 1450 1071 malefici
1480 1029 1556 1071 ac
1585 1012 1769 1071 nullo
1798 1029 1929 1071 non
1960 1011 2400 1089 neqvitiarum
2432 1015 2669 1089 genere

286 1108 470 1186 noxij
539 1109 970 1187 putabantur.
1063 1110 1186 1170 Isti
1259 1129 1416 1172 vero
1485 1111 1879 1188 posteriores
1948 1111 2254 1190 operibus
2325 1111 2669 1172 hominum

284 1209 603 1282 faventes,
633 1209 896 1270 easdem
924 1219 1389 1288 promoventes
1407 1229 1663 1272 necnon
1686 1211 1916 1288 qvavis
1934 1210 2271 1272 faelicitate
2294 1218 2668 1272 nostrorum

286 1309 652 1386 gaudentes
699 1309 1157 1383 credebantur,
1195 1309 1458 1388 utriqve
1507 1309 1687 1370 mille
1716 1310 1975 1371 technis
2024 1329 2100 1371 ac
2126 1310 2404 1372 infinitis
2432 1319 2664 1372 strata-

285 1409 633 1484 gemmatis
682 1409 1198 1483 instructissimi,
1236 1409 1427 1472 nobis
1475 1418 1616 1470 arte
1666 1428 1785 1470 sua
1836 1409 2219 1484 invisibiles,
2268 1410 2439 1488 qvod
2490 1411 2667 1471 haud

285 1507 638 1570 difficulter
693 1510 908 1569 credo,
1003 1509 1144 1568 Aut
1201 1509 1378 1570 enim
1437 1528 1700 1571 necesse
1758 1518 1879 1583 est,
1934 1511 2296 1572 secundum
2353 1511 2667 1588 qvosdam

283 1609 730 1686 philosophOS,
770 1610 891 1669 hos
918 1627 1058 1669 esse
1116 1609 1443 1687 qvoddam
1488 1608 1685 1670 mixti
1746 1610 2005 1686 generis
2046 1610 2219 1672 inter
2274 1610 2547 1689 spiritus
2601 1618 2667 1671 et

287 1707 616 1780 animalia,
653 1717 769 1769 aut
828 1708 998 1787 qvod
1032 1708 1251 1768 verius
1307 1708 1704 1787 imposturas
1746 1717 1812 1770 et
1870 1709 2210 1771 illusiones
2264 1710 2661 1785 sathanicas,

287 1808 510 1888 qvales
557 1817 714 1869 sunt
745 1808 1020 1886 spiritus
1069 1808 1490 1886 incorporati,
1528 1827 1691 1887 qvos
1738 1809 1958 1872 Graeci
2012 1810 2315 1884 κοβαλους,
2354 1810 2665 1872 Germani

288 1909 642 1982 KobolooS,
680 1908 1062 1969 Paracelsus
1089 1907 1396 1986 Sylphes‚
1433 1907 1544 1969 alii
1602 1908 1782 1969 aliud
1845 1910 2201 1988 appellant,
2250 1911 2332 1971 de
2390 1928 2667 1990 qvorum

285 2009 488 2082 victu,
552 2007 820 2080 amictu,
883 2007 1246 2084 exercitijS,
1312 2008 1714 2085 frugalitate,
1750 2018 1815 2070 et
1875 2009 2193 2088 potentijs
2235 2010 2435 2071 taedet
2480 2010 2667 2088 plura

287 2108 562 2180 adferre,
601 2109 906 2185 exempla
943 2105 1182 2168 'tamen
1212 2108 1430 2186 aliqva
1488 2116 1853 2170 memoratu
1882 2109 2087 2185 digna
2144 2109 2213 2168 in
2242 2110 2667 2187 seqventibus

287 2208 670 2287 appendam.

366 2332 750 2404 Capitulum
807 2332 1117 2391 XXXIV,
1205 2324 1382 2386 Ante
1439 2324 1687 2403 aliqvot
1738 2343 1945 2385 annos
1986 2326 2295 2402 parvulos
2324 2326 2659 2403 qvosdam,

289 2431 420 2485 tam
470 2443 711 2503 pueros
739 2442 935 2503 qvam
979 2425 1250 2502 puellaS,
1287 2424 1616 2503 surripere
1646 2423 1861 2485 conati
1892 2433 2047 2486 sunt
2080 2425 2473 2500 monticolae,
2510 2445 2665 2504 qvo-

289 2542 432 2584 rum
461 2523 574 2601 alij
609 2524 1026 2584 semianimes
1054 2532 1121 2586 et
1151 2524 1476 2585 malitiose
1507 2523 1795 2597 tractati,
1832 2522 1943 2600 alij
1994 2525 2124 2585 alio
2152 2533 2444 2604 tempore
2487 2525 2665 2605 peni-

288 2632 394 2684 tus
449 2624 732 2685 emortui
791 2624 1198 2685 nostratibus
1253 2623 1542 2686 restituti
1599 2633 1777 2697 sunt,
1828 2623 1940 2700 alij
2003 2633 2313 2703 tanqvam
2372 2626 2671 2686 cathenis

288 2723 516 2784 ferreis
571 2724 824 2785 detenti
862 2724 1136 2802 (qvibus
1193 2732 1430 2784 natura
1457 2741 1578 2784 sua
1636 2731 1751 2784 aut
1782 2724 1957 2785 malo
2013 2726 2293 2803 qvodam
2325 2726 2465 2786 fato
2494 2726 2667 2787 oculi

289 2823 448 2884 adeo
474 2833 631 2884 sunt
661 2823 898 2899 lyncei,
937 2833 1011 2883 ut
1041 2832 1298 2902 spectra
1321 2833 1747 2904 conspectum
1776 2823 2045 2910 illorum.
2070 2825 2278 2886 vitare
2302 2827 2664 2904 neqveant)

290 2924 408 2984 visi
466 2932 646 2986 sunt.
737 2922 911 2984 Tum
968 2942 1126 2984 vero
1181 2923 1293 3000 alij
1356 2923 1753 2984 nostratium
1810 2925 2009 3002 paulo
2065 2924 2421 2985 adultiores
2493 2927 2666 3003 apud

289 3025 548 3085 eosdem
603 3023 851 3102 aliqvot
880 3022 1282 3101 septimanas
1339 3022 1671 3083 communi
1703 3023 1880 3084 victu
1938 3023 2007 3083 in
2052 3023 2329 3084 collibus
2384 3032 2449 3085 et
2492 3027 2667 3086 intra

290 3123 705 3196 monticuloS‚
741 3131 1062 3202 qvantum
1119 3122 1382 3201 qvidem
1439 3122 1599 3200 ipsis
1657 3121 1871 3183 visum
1915 3131 2034 3195 est,
2074 3123 2552 3198 habitaverant,
2591 3133 2665 3186 ut

289 3222 416 3284 iam
474 3222 644 3283 nihil
672 3223 889 3284 dicam
944 3223 1026 3282 de
1057 3222 1182 3296 his,
1216 3221 1330 3300 qvi
1387 3221 1777 3283 commercia
1806 3230 1871 3283 et
1919 3222 2482 3284 conversationem
2513 3243 2664 3286 cum

287 3323 416 3384 illis
444 3323 718 3384 subdole
761 3341 838 3383 ac
881 3322 1134 3384 nefarie
1175 3321 1844 3395 communicaverant,
1881 3330 2025 3382 tum
2068 3322 2177 3400 qvi
2223 3323 2365 3383 sine
2408 3323 2556 3385 cibo
2598 3333 2663 3386 et

286 3432 447 3502 potu
479 3422 765 3484 naturali
794 3421 1048 3499 jamdiu
1079 3422 1253 3483 inter
1281 3440 1402 3483 nos
1432 3421 1815 3483 victitarant
1859 3422 2303 3483 subterraneis
2330 3423 2477 3484 istis
2532 3424 2665 3485 vic-

289 3524 495 3585 tualia
523 3521 1181 3584 subministrantibus
1209 3522 1290 3582 ad
1320 3521 1695 3583 satietatem
1724 3521 1919 3600 idqve
1960 3521 2291 3600 praecipue
2320 3522 2402 3584 de
2446 3532 2660 3598 nocte,

288 3623 480 3700 cujus
509 3623 603 3684 rei
634 3622 1014 3700 exemplum
1045 3622 1172 3682 hoc
1201 3640 1374 3682 anno
1401 3629 1729 3699 praesente
1766 3626 1921 3699 1638
1952 3622 2023 3682 in
2052 3622 2390 3701 provincia
2440 3624 2667 3700 Mydal

286 3724 514 3786 audire
542 3731 661 3784 est.
731 3723 952 3783 ·Addo
983 3722 1324 3782 foeminam
1353 3722 1683 3800 qvandam
1712 3721 1782 3782 in
1813 3722 1984 3784 vivis
2012 3741 2153 3784 esse
2174 3723 2244 3783 in
2274 3724 2501 3785 eadem
2525 3743 2667 3804 pro-

287 3824 503 3885 vincia
525 3833 592 3883 et
622 3823 844 3885 vicino
864 3822 1010 3884 loco
1039 3820 1094 3881 F
1097 3822 1384 3898 agradal,
1413 3841 1561 3900 qvae
1585 3839 1761 3883 nunc
1792 3823 1955 3883 adeo
1979 3823 2221 3884 multos
2250 3843 2456 3886 annos
2480 3825 2667 3886 mari-

288 3932 428 3984 tata
457 3923 594 3982 illic
624 3922 1062 3994 habitaverat,
1098 3922 1270 3982 lecto
1298 3922 1568 3982 detenta
1597 3930 1867 4001 propter
1896 3922 2182 4001 aliqvam
2214 3925 2505 4003 corporis
2559 3926 2667 3986 de-

282 4023 608 4085 bilitatem
663 4021 970 4084 omnibus
1025 4021 1342 4097 ignotam,
1393 4021 1544 4100 qvia
1601 4023 1928 4100 qvendam
1987 4023 2219 4082 horum
2278 4023 2667 4084 familiarem

286 4125 525 4186 habere
542 4121 951 4194 credebatur,
973 4120 1155 4182 nullo
1169 4121 1484 4182 alimento
1495 4129 1865 4182 sustentata
1878 4121 2127 4192 multiS,
2143 4121 2430 4199 inqvam,
2452 4123 2662 4196 annis,

287 4225 412 4285 nisi
442 4225 614 4285 lacte
645 4220 1038 4298 nigricantis
1066 4239 1285 4282 vaccae
1315 4229 1381 4281 et
1413 4221 1674 4298 generis
1702 4219 1849 4297 ejus
1885 4219 2190 4281 similiter
2234 4221 2360 4281 atri
2404 4222 2661 4298 coloriS,

286 4333 352 4386 et
395 4323 568 4403 qvod
599 4322 822 4383 album
865 4329 964 4382 est
995 4320 1098 4381 lac
1141 4321 1378 4381 harum
1405 4320 1733 4398 pecudum
1778 4327 2013 4380 exacte
2044 4319 2127 4380 ab
2171 4319 2452 4382 aliorum
2483 4322 2666 4384 lacti-

287 4423 482 4500 cinijs
537 4422 924 4499 dignoscere
956 4420 1168 4481 fertur
1225 4419 1498 4481 foemina
1527 4418 1741 4498 qvoad
1773 4426 2043 4496 gustum
2072 4428 2136 4480 et
2168 4419 2509 4496 olfactum,
2547 4441 2667 4484 nec

285 4543 414 4586 non
445 4521 667 4584 omnia
696 4521 931 4582 domus
959 4538 1100 4581 suae
1128 4519 1487 4598 prudenter
1509 4519 1671 4580 satis
1700 4539 1775 4580 ac
1802 4518 2107 4581 faeliciter
2133 4520 2272 4581 sola
2292 4539 2661 4599 procurare,

282 4626 482 4686 etiam
501 4619 1188 4694 decumbens,monitu
1212 4619 1510 4693 fortasse,
1537 4619 1636 4681 uti
1659 4619 2060 4694 fabulentur,
2088 4621 2466 4682 monticolae
2492 4645 2506 4698 ;
2552 4624 2665 4684 sed
