3242 5684
1012 611 1498 664 ANNALIUM
1522 610 1932 664 FARRAGO
2001 612 2008 620 '
2588 617 2654 658 11

278 785 513 846 locatis
570 784 885 845 latratum
944 783 1127 845 canis
1182 783 1339 858 edit,
1375 793 1471 858 ut,
1509 783 1770 862 qvoties
1797 784 1944 862 qvis
2000 783 2415 863 praeterjerit,
2451 782 2655 861 edulij

279 885 526 964 aliqvid
558 885 885 963 impetret.
977 883 1446 962 Suppositivus
1475 883 1743 962 qvidam
1772 885 1842 944 in
1873 881 2252 946 Grimsnese
2283 885 2663 946 habitaculo

282 984 386 1060 Ey
416 985 593 1047 vixit
624 1002 831 1046 annos
861 985 995 1046 fere
1032 1001 1128 1060 15,
1165 1003 1287 1044 nec
1316 1002 1607 1062 unqvam
1667 991 1809 1045 toto
1839 985 1966 1045 hoc
2024 992 2316 1063 tempore
2345 1004 2432 1045 ex
2491 984 2662 1045 lecto

278 1086 385 1147 vel
428 1085 498 1145 in
554 1085 753 1163 pedes
808 1085 1121 1158 surrexit,
1159 1091 1527 1146 monstrum
1586 1084 2008 1158 horrendum,
2045 1083 2346 1158 informe,
2383 1084 2660 1161 ingens;

276 1185 623 1246 stridulam
654 1203 882 1247 vocem
913 1184 1245 1244 interdum
1275 1183 1583 1259 intendit,
1620 1184 1880 1262 qvalem
1909 1192 2269 1261 praesentes
2296 1184 2415 1246 vix
2465 1184 2658 1246 susti·

282 1305 436 1347 nere
464 1293 791 1364 poterant.
884 1285 1232 1345 Interdum
1261 1284 1329 1343 in
1386 1283 1874 1360 longitudinem
1916 1284 2278 1362 plurimum
2328 1302 2658 1346 excresce-

277 1385 413 1458 bat,
451 1393 824 1464 qvantoqve
881 1384 1140 1460 longior
1198 1391 1385 1444 tanto
1441 1391 1684 1461 praeter
1741 1384 2007 1445 modum
2060 1384 2367 1463 gracilior
2423 1383 2654 1446 evasit.

281 1486 571 1547 Fuerant
601 1483 747 1561 ejus
770 1483 1027 1560 generis
1056 1484 1277 1561 plures
1298 1482 1705 1561 supposititij
1741 1493 1807 1544 et
1836 1484 2101 1564 saepiuS,
2130 1503 2409 1563 qvorum
2439 1485 2660 1546 condi-

279 1586 493 1647 tiones
551 1604 681 1646 non
740 1593 896 1645 sunt
954 1591 1311 1644 annotatae.
1404 1581 1604 1643 Anno
1661 1582 1887 1645 eodem
1955 1589 2027 1645 18
2062 1585 2457 1646 Novembris
2487 1585 2662 1646 circa

281 1686 649 1746 diluculum
680 1685 822 1746 visa
852 1691 951 1744 est
972 1682 1363 1744 Floensibus
1393 1683 1619 1745 lancea
1641 1683 1710 1743 in
1741 1683 1892 1744 aete
1909 1685 2146 1746 ardens
2168 1703 2205 1745 a
2228 1685 2558 1752 Libonoto
2577 1685 2659 1745 ad

279 1785 692 1851 Evronotum
722 1785 957 1861 capulo
986 1792 1325 1862 praeeunte
1369 1783 1737 1844 discurrere
1765 1792 1831 1845 et
1878 1784 2236 1860 vestigium
2278 1793 2427 1864 post
2476 1805 2546 1846 se
2589 1785 2660 1846 in

278 1886 430 1948 aete
459 1885 843 1963 relinqvere.
938 1886 1286 1944 Praeeunte
1313 1884 1549 1961 capulo
1570 1902 1688 1944 seu
1707 1883 2052 1958 manubrio
2073 1885 2411 1963 cuspidem
2428 1885 2662 1946 dicunt

279 1988 516 2048 harum
547 2003 764 2046 rerum
796 1984 1036 2045 curiosi
1068 1983 1522 2044 observatores
1552 1983 1852 2044 morbum
1882 1984 2183 2062 portendi
2211 2007 2226 2058 ;
2271 1985 2375 2046 sin
2405 2005 2562 2047 vero
2590 1985 2659 2046 in

277 2086 617 2164 cuspidem
648 2085 901 2162 impetu
932 2103 1053 2144 suo
1083 2084 1335 2143 feratur
1364 2083 1631 2144 bellum.
1725 2082 2070 2161 Ejusmodi
2103 2093 2388 2147 meteora
2417 2085 2662 2163 saepius

276 2195 624 2250 occurunt.
719 2184 1023 2245 Perdices
1080 2202 1235 2244 aves
1266 2183 1335 2243 in
1393 2183 1601 2258 sylvis
1631 2191 1696 2244 et
1756 2184 2094 2246 montibus
2149 2186 2388 2262 degere
2445 2186 2661 2248 solitae

278 2288 507 2349 eodem
567 2304 740 2347 anno
770 2286 852 2345 ab
909 2303 1182 2345 ocoeano
1214 2283 1294 2343 ad
1354 2282 1579 2345 littora
1610 2302 1852 2360 magno
1911 2303 2186 2346 numero
2228 2286 2647 2364 appulerunt.

279 2391 508 2449 Mures
535 2405 667 2448 non
696 2385 837 2446 sine
869 2384 1185 2444 miraculo
1214 2384 1283 2444 in
1314 2383 1539 2445 ovium
1567 2384 1721 2445 lana
1747 2384 2098 2446 delitentes
2129 2385 2431 2448 vivarum
2461 2387 2661 2448 etiam

278 2506 506 2549 carnes
524 2494 893 2547 arroserant
922 2492 988 2545 et
1021 2486 1263 2545 multas
1284 2486 1367 2544 ad
1398 2502 1620 2560 necem
1645 2503 1850 2564 usqve
1873 2488 2380 2548 commederant.
2472 2490 2663 2550 Unus

276 2589 437 2649 item
468 2605 614 2647 mus
642 2585 847 2646 alium
876 2583 980 2660 suj
1016 2584 1276 2661 generis
1302 2583 1533 2646 vivum
1563 2584 2016 2663 absumpserat
2075 2585 2145 2647 in
2176 2588 2536 2650 Novembri
2594 2597 2660 2650 et

279 2686 621 2749 Decembri
653 2685 947 2762 eJusdem
978 2684 1156 2746 anni.

361 2785 722 2850 *Similiter
778 2785 1006 2846 eodem
1064 2804 1237 2846 anno
1295 2784 1430 2845 filia
1488 2781 1788 2846 Thidrici
1847 2782 2226 2861 Thorsteni,
2285 2787 2354 2848 in
2411 2790 2662 2867 praedio

280 2886 570 2964 Berghil,
631 2885 971 2964 provincia
1031 2885 1747 2963 Hrunamannahrepp,
1806 2885 1998 2962 virgo
2063 2906 2136 2964 13
2195 2892 2539 2963 annorum,
2577 2890 2659 2950 ad

279 2988 709 3068 quaerendum
767 3003 1014 3060 agnum
1072 2985 1384 3057 mittitur,
1426 2993 1492 3045 et
1551 2984 1850 3046 triduum
1906 2986 2318 3048 desideratur
2375 2990 2660 3050 multum

278 3087 575 3167 qvaesita,
606 3104 929 3164 nusqvam
952 3092 1275 3162 repperta.
1368 3086 1618 3145 Verum
1644 3084 1840 3145 tertia
1859 3084 1967 3144 die
1986 3085 2160 3146 circa
2182 3087 2339 3147 solis
2355 3105 2662 3149 occasum

276 3188 345 3249 in
395 3186 701 3266 proximo
732 3184 1114 3246 habitaculo
1159 3180 1762 3243 Thorarinst'odum
1809 3191 2044 3261 sponte
2093 3202 2214 3245 sua
2263 3187 2656 3264 comparuit,

274 3288 565 3350 referens
620 3283 967 3360 muljerem
1038 3281 1367 3360 qvandam
1425 3276 1516 3340 in²
1574 3281 1684 3342 via
1739 3298 1809 3342 se
1865 3283 2231 3358 sustulisse,
2283 3285 2662 3365 gremioqve

158 3381 175 3386 ”
276 3388 515 3449 leniter
541 3392 837 3463 portasse
866 3382 947 3442 ad
978 3381 1199 3442 locum
1229 3380 1620 3454 solitarium,
1660 3381 1773 3443 ubi
1801 3381 1918 3442 diu
1970 3383 2136 3443 nihil
2166 3386 2387 3446 locuta
2438 3404 2658 3448 conse-

277 3487 480 3548 disset
507 3507 521 3559 ;
568 3502 637 3545 se
658 3501 816 3545 vero
844 3481 1111 3542 interim
1131 3480 1299 3541 nihil
1327 3479 1513 3558 pium
1535 3499 1656 3542 nec
1685 3482 2000 3544 devotum
2022 3483 2199 3562 loqvi
2231 3493 2346 3547 aut
2369 3487 2662 3562 cogitare

277 3585 590 3666 potuisse.
684 3582 982 3644 Foemina
1035 3583 1182 3643 hoec
1213 3599 1414 3642 anum
1446 3582 1966 3660 repraesentavit,
1995 3592 2244 3646 vestem
2274 3587 2661 3650 muliebrem

278 3686 547 3747 rubram
566 3683 821 3756 induta,
864 3679 1139 3761 [capitio
1166 3681 1278 3759 (ut
1302 3681 1578 3756 vocant)
1604 3682 1817 3760 nigro,
1849 3683 2166 3762 insignita
2190 3686 2358 3749 facie
2380 3689 2660 3751 nimium

279 3805 474 3864 qvam
530 3780 858 3857 obscura,²
913 3783 1124 3844 oculis
1174 3781 1474 3843 albedine
1532 3783 1932 3858 carentibus,
1997 3803 2156 3847 naso
2216 3787 2390 3848 ultra
2448 3809 2520 3850 os
2577 3790 2658 3850 ad

278 3893 573 3947 mentum
591 3901 797 3962 usque
814 3883 1245 3962 dependente.
1298 3882 1525 3944 Puella
1542 3884 1705 3945 dum
1718 3883 1787 3943 in
1807 3883 2015 3962 ipsius
2030 3886 2280 3963 gremio
2297 3887 2654 3964 detinetur,

278 3985 429 4067 [vix
459 3979 831 4065 qvicqvam⁸
858 4003 927 4045 se
956 3984 1270 4070 metuisse
1300 3982 1602 4045 affirmat.
1695 3981 1994 4045 Tandem
2023 3985 2372 4065 implorato
2418 3989 2661 4052 Divino

278 4085 532 4148 auxilio
554 4085 848 4148 vetulam
879 4102 948 4145 se
967 4084 1301 4145 dimittere
1320 4092 1532 4160 rogat.
1626 4083 1820 4145 Anus
1838 4103 1996 4146 vero
2014 4085 2318 4147 nonnihil
2335 4097 2662 4157 commota

287 4185 383 4267 [id
414 4183 506 4247 se⁴
547 4186 875 4246 facturam
905 4193 1126 4262 negat.
1220 4183 1678 4245 Nihilominus
1706 4185 1928 4261 elapso
1974 4185 2157 4245 horae
2205 4186 2428 4263 spacio
2474 4188 2661 4250 humi

277 4288 452 4366 apud
483 4305 552 4346 se
581 4284 949 4362 depositam
978 4283 1209 4362 paucis
1251 4291 1317 4345 et
1347 4283 1585 4345 leniter
1628 4283 1994 4357 admonuit,
2032 4303 2114 4344 ne
2143 4285 2250 4346 vel
2305 4286 2663 4365 trepidaret

272 4395 389 4448 aut
446 4384 831 4461 discederet,
868 4383 1053 4445 brevi
1111 4383 1287 4444 enim
1331 4383 1512 4443 illam
1569 4382 1955 4457 revisuram,
1990 4383 2046 4444 si
2107 4384 2371 4463 qvidem
2413 4397 2657 4465 posset.

278 4488 469 4548 Anus
498 4493 721 4546 autem
758 4484 869 4560 (ut
899 4483 1119 4545 visum
1148 4491 1247 4545 est
1277 4482 1553 4561 puellae)
1590 4481 1969 4561 oppositum
1988 4484 2222 4546 collem
2251 4485 2544 4564 ingressa
2563 4499 2662 4551 est

277 4605 485 4666 neqve
558 4583 839 4646 ulterius
909 4582 980 4644 in
1051 4590 1478 4661 conspectum
1548 4581 1730 4643 illius
1799 4582 2070 4661 prodijt.
2189 4581 2364 4647 Tum
2443 4590 2664 4666 puella
