3242 5684
969 663 1455 718 ANNALIUM
1479 664 1887 719 FARRAGO
2526 669 2604 731 25

188 833 448 894 teralia
478 831 704 894 videre
732 841 873 894 erat
903 831 1189 910 superne
1219 832 1429 895 instar
1458 842 1670 912 portae
1725 842 1952 911 aperta
1982 853 1996 905 ;
2042 832 2281 894 deinde
2323 852 2412 894 ex
2467 833 2604 894 dia·

196 943 433 993 metro
461 932 621 993 solis
651 942 966 1012 tanqvam
996 933 1185 993 iridis
1231 933 1512 994 inversae
1541 951 1694 1011 pars
1738 933 2039 1011 qvaedam
2070 933 2425 1011 conspicua
2477 933 2606 994 fuit

196 1051 484 1094 sursum
514 1050 747 1094 versus
777 1055 791 1106 3
838 1032 1122 1111 deniqve
1151 1033 1231 1092 ad
1265 1034 1397 1094 huc
1454 1033 1759 1111 superius
1787 1033 2261 1111 propemodum
2319 1033 2604 1094 semicir-

196 1133 414 1194 culus
470 1133 776 1211 apparuit
837 1132 1037 1193 etiam
1096 1133 1283 1193 iridis
1341 1133 1557 1194 colore
1612 1150 1876 1193 sursum
1920 1151 2172 1194 versus,
2262 1132 2402 1194 Aer
2452 1152 2608 1195 vero

197 1251 511 1312 auraqve
542 1232 757 1293 mollis
784 1233 927 1293 sine
955 1233 1203 1309 pluvia.

298 1342 505 1401 Anno
540 1341 696 1400 1631
743 1329 976 1411 *[p0st
1029 1331 1472 1411 Epiphaniam
1503 1332 1571 1392 in
1619 1332 1865 1394 boreali
1898 1333 2187 1394 Islandia
2233 1332 2494 1405 accidit,
2533 1342 2608 1394 ut

200 1435 377 1494 duae
434 1433 745 1494 mulieres
774 1433 1027 1493 mutuis
1083 1432 1661 1494 maledictionibus
1688 1433 2101 1494 decertantes
2157 1442 2221 1494 et
2251 1433 2415 1493 diris
2469 1452 2610 1494 sese

200 1535 627 1595 devoventes
670 1533 866 1593 modo
923 1533 1334 1594 subitaneam
1379 1540 1658 1593 mortem
1715 1529 2150 1611 oppeterent.¹
2265 1530 2610 1612 [Miserere

204 1633 429 1694 nostri
462 1629 781 1694 Domini.²
862 1631 1077 1693 *Item
1106 1632 1336 1692 eodem
1366 1651 1539 1692 anno
1569 1632 1638 1691 in
1669 1632 1960 1693 Islandia
1991 1633 2234 1694 boreali
2265 1635 2480 1695 cultro
2536 1653 2607 1695 se

205 1732 560 1810 jugulavit
594 1731 834 1809 muljer
863 1733 1187 1811 qvaedam,
1237 1729 1462 1812 [cujus
1490 1732 1774 1794 cadaver
1800 1739 2028 1810 postea
2059 1733 2450 1795 immensum
2482 1743 2607 1795 ter-

210 1852 436 1894 rorem
498 1851 574 1893 ac
605 1831 1075 1910 trepidantiam
1133 1830 1335 1904 fecit;
1380 1850 1531 1893 cum
1579 1831 2018 1909 piscatoribus
2044 1833 2329 1894 insulam
2363 1830 2610 1908 Hrisey

210 1932 683 1993 habitantibus
739 1931 1084 2008 navigium
1116 1931 1349 1992 fecisse
1406 1939 1702 2009 putatur,
1739 1951 1904 2010 qvos
1959 1933 2218 2009 magnis
2259 1943 2326 1994 et
2384 1933 2614 1994 multis

209 2032 571 2094 diabolicis
597 2031 1091 2093 incursionibus
1122 2031 1420 2092 furenter
1448 2031 1884 2109 oppugnavit,
1918 2031 2128 2093 donec
2157 2033 2238 2093 ad
2269 2033 2610 2094 continen-

212 2141 355 2194 tem
414 2133 908 2211 supterfugium
966 2130 1230 2210 aliqvod
1288 2148 1582 2210 qvaerere
1638 2140 2034 2208 cogerentur
2063 2155 2076 2205 ;
2149 2133 2387 2193 deinde
2459 2151 2610 2194 cum

212 2233 461 2310 ijsdem
519 2233 857 2309 regionem
901 2240 1204 2309 repetens
1259 2230 1429 2291 nihil
1487 2231 1641 2291 mali
1700 2230 1856 2291 fecit
1912 2240 2176 2310 propter
2232 2249 2613 2293 communes

208 2333 517 2394 ecclesiae
572 2327 850 2410 preceS.³
933 2331 1083 2391 *Ad
1142 2332 1289 2392 haec
1316 2331 1545 2392 eodem
1604 2350 1780 2391 anno
1844 2350 1868 2391 1
1919 2331 2324 2409 Septembris
2353 2332 2421 2393 in
2453 2331 2610 2393 villa

216 2431 674 2494 meridionalis
704 2431 1017 2492 Islandiae
1035 2429 1197 2494 Skal
1229 2448 1455 2490 omnes
1484 2449 1822 2508 campanae
1844 2439 2078 2510 sponte
2107 2449 2226 2492 sua
2245 2440 2611 2494 sonuerunt

220 2533 410 2594 nullo
440 2534 733 2593 humano
762 2530 1102 2592 accidente
1133 2530 1408 2591 auxilio.

305 2641 507 2700 Anno
542 2642 698 2700 1632
744 2627 1110 2710 *[Fluvius
1138 2630 1407 2709 qvidam
1464 2628 1971 2704 rabidissimuS,⁴
2011 2631 2122 2710 qvi
2167 2652 2257 2694 ex
2314 2633 2607 2694 maximo

221 2733 371 2794 lacu
404 2733 716 2793 Islandiae
744 2729 1348 2809 Thingvallavatne
1397 2729 1797 2804 devolvitur,
1833 2730 2007 2792 inter
2055 2733 2360 2811 scopulos
2404 2733 2611 2794 maxi-

226 2829 391 2894 mos⁵
417 2834 686 2911 penitus
713 2831 1091 2893 exsiccatus
1118 2839 1239 2891 est.
1625 2825 1632 2832 ’

310 2942 508 3001 Anno
544 2941 699 3000 1633
746 2931 872 2993 *In
892 2929 1284 2992 occidentali
1310 2930 1601 2990 Islandia
1627 2929 2080 2992 habitaculum
2103 2933 2431 3011 qvoddam
2451 2936 2613 2997 adeo

227 3035 497 3095 nivibus
526 3034 840 3094 obrutum
871 3038 991 3104 est,
1030 3039 1105 3091 ut
1151 3049 1282 3090 non
1313 3029 1497 3106 prius
1552 3049 1748 3109 qvam
1799 3041 2111 3110 seqvente
2159 3042 2386 3094 aestate
2445 3053 2611 3096 mor-

230 3135 365 3196 tuis
394 3132 703 3194 omnibus
730 3129 1113 3193 domesticis
1142 3139 1527 3205 emergeret.

312 3244 509 3301 Anno
544 3241 703 3300 1634
746 3231 871 3292 *In
902 3228 1143 3292 tractu⁶
1172 3231 1453 3292 borealis
1484 3229 1798 3291 Islandiae
1821 3229 2277 3293 Hofdastrond
2304 3243 2496 3311 capta
2513 3244 2613 3296 est

231 3355 267 3394 a
298 3334 569 3395 marinis
598 3331 1038 3410 piscatoribus
1068 3329 1209 3407 raja
1241 3329 1471 3406 major,
1509 3325 1682 3408 quae⁷
1712 3329 1782 3390 in
1814 3338 2034 3407 partes
2062 3331 2420 3394 distributa
2451 3335 2616 3397 adeo

234 3433 686 3496 lamentabiles
713 3431 923 3493 edidit
984 3449 1199 3500 voces,
1247 3426 1583 3508 [similiter
1640 3448 2052 3508 qvaecunque
2083 3450 2233 3509 pars
2288 3432 2607 3510 ejusdem,

234 3535 438 3596 donec
468 3533 537 3593 in
570 3532 734 3593 mari
758 3531 1076 3610 projectae
1105 3539 1262 3590 sunt
1293 3537 1513 3608 partes
1542 3527 1818 3590 οιῐιῐιεε.Β

319 3644 511 3703 Anno
545 3639 701 3700 1635
748 3631 873 3692 *In
935 3631 1225 3691 Islandia
1282 3630 1527 3690 boreali
1574 3630 1810 3690 mulier
1841 3635 1920 3707 76
1951 3650 2273 3694 annorum
2345 3632 2615 3715 [foetum

216 3729 621 3799 ‚naturalem⁹
650 3732 850 3792 enixa
882 3740 1001 3791 est.
1094 3729 1415 3793 Similiter
1444 3730 1672 3789 eodem
1704 3749 1876 3791 anno
1907 3731 1974 3791 in
2007 3734 2299 3795 Islandia
2359 3737 2613 3798 meridi-

237 3836 405 3898 onali
438 3834 566 3895 alia
597 3833 900 3912 qvaedam
933 3829 1175 3907 muljer
1204 3833 1283 3906 56
1314 3847 1659 3890 annorum.

317 3945 513 4003 Anno
548 3942 705 4001 1636
750 3931 1012 4009 *Coepit
1046 3948 1232 3990 mons
1264 3930 1486 3990 Hekla
1517 3931 1876 3992 tremendis
1921 3931 2190 4008 ignibus
2224 3935 2397 4013 (jam
2443 3947 2615 3999 octa-

238 4055 390 4099 vum
411 4044 484 4096 ut
514 4033 797 4107 dicitur)
826 4030 1231 4105 conflagrare
1276 4030 1507 4091 Ibidus
1540 4029 1700 4106 Maij
1750 4033 1978 4092 horam
2008 4034 2451 4111 vespertinam
2497 4037 2616 4099 cir-

235 4137 393 4199 citer
414 4134 759 4205 decimam,
796 4151 922 4210 qva
953 4131 1051 4191 sol
1083 4131 1205 4190 hoc
1249 4129 1403 4190 anni
1438 4138 1730 4207 tempore
1762 4131 1935 4191 infra
1966 4141 2267 4194 nostrum
2315 4136 2615 4198 horizon·

243 4247 368 4300 tem
396 4255 463 4297 se
494 4233 789 4295 demittit
822 4255 837 4305 ;
882 4231 1101 4309 erupit
1146 4229 1408 4290 flamma
1465 4249 1552 4290 ex
1584 4230 1828 4290 montis
1883 4231 2063 4291 illius
2091 4233 2405 4296 barathro
2462 4256 2619 4315 qvo·

239 4339 405 4410 dam,
442 4335 615 4414 qvod
648 4341 747 4393 est
776 4350 1008 4393 versus
1037 4337 1355 4401 austrum,
1394 4329 1818 4408 ascenditqve
1849 4339 2162 4409 tanqvam
2192 4352 2308 4411 per
2336 4335 2619 4398 infurni-

242 4438 389 4500 bula
444 4453 562 4495 seu
592 4432 921 4512 spiracula
952 4430 1146 4491 modo
1204 4429 1400 4508 idqve
1432 4437 1505 4490 ut
1563 4429 1924 4507 plurimum
1954 4431 2110 4492 bina
2167 4435 2385 4509 modo,
2424 4440 2620 4501 modo

242 4537 405 4617 qvod
438 4534 650 4594 rarius
679 4551 856 4605 sena,
894 4531 1088 4592 modo
1118 4537 1389 4608 septena
1419 4537 1679 4604 octona,
1717 4531 2318 4596 concomitantibus
2344 4539 2619 4615 pumici-

244 4639 361 4700 bus
406 4634 569 4696 atris
596 4642 663 4694 et
715 4630 1109 4692 carbonibus
1151 4629 1449 4708 lapidum
1498 4629 1675 4707 ignis
1725 4629 1983 4693 fervore
2029 4641 2421 4698 exustorum
2468 4659 2620 4701 cum
