<?xml version="1.0" encoding="UTF-8"?>
<!DOCTYPE html PUBLIC "-//W3C//DTD XHTML 1.0 Transitional//EN"
    "http://www.w3.org/TR/xhtml1/DTD/xhtml1-transitional.dtd">
<html xmlns="http://www.w3.org/1999/xhtml" xml:lang="en" lang="en">
 <head>
  <title>
</title>
<meta http-equiv="Content-Type" content="text/html;charset=utf-8" />
  <meta name='ocr-system' content='tesseract 3.04.00' />
  <meta name='ocr-capabilities' content='ocr_page ocr_carea ocr_par ocr_line ocrx_word'/>
</head>
<body>
  <div class='ocr_page' id='page_1' title='image "annaliuminislan00hermgoog_0105.png"; bbox 0 0 3242 5684; ppageno 0'>
   <div class='ocr_carea' id='block_1_1' title="bbox 520 543 1945 604">
    <p class='ocr_par' dir='ltr' id='par_1_1' title="bbox 520 543 1945 604">
     <span class='ocr_line' id='line_1_1' title="bbox 520 543 1945 604; baseline 0.004 -6"><span class='ocrx_word' id='word_1_1' title='bbox 520 543 603 599; x_wconf 88' lang='lat'><strong>80</strong></span> <span class='ocrx_word' id='word_1_2' title='bbox 1476 549 1668 604; x_wconf 83' lang='lat' dir='ltr'><em>JSLA</em></span> <span class='ocrx_word' id='word_1_3' title='bbox 1675 551 1842 602; x_wconf 76' lang='grc' dir='ltr'><strong>ΝΒ]</strong></span> <span class='ocrx_word' id='word_1_4' title='bbox 1843 551 1894 604; x_wconf 81' lang='lat' dir='ltr'><em>C</em></span> <span class='ocrx_word' id='word_1_5' title='bbox 1885 551 1945 603; x_wconf 86' lang='lat' dir='ltr'><em>A</em></span> 
     </span>
    </p>
   </div>
   <div class='ocr_carea' id='block_1_2' title="bbox 518 721 2928 3701">
    <p class='ocr_par' dir='ltr' id='par_1_2' title="bbox 518 721 2928 3701">
     <span class='ocr_line' id='line_1_2' title="bbox 518 721 2909 800; baseline 0 -18"><span class='ocrx_word' id='word_1_6' title='bbox 518 723 668 784; x_wconf 88' lang='lat' dir='ltr'><strong>dem</strong></span> <span class='ocrx_word' id='word_1_7' title='bbox 700 722 953 800; x_wconf 89' lang='lat' dir='ltr'><strong>primus</strong></span> <span class='ocrx_word' id='word_1_8' title='bbox 994 722 1275 794; x_wconf 83' lang='lat' dir='ltr'><strong>invexit,</strong></span> <span class='ocrx_word' id='word_1_9' title='bbox 1312 722 1485 800; x_wconf 90' lang='lat' dir='ltr'><strong>qvod</strong></span> <span class='ocrx_word' id='word_1_10' title='bbox 1545 721 1692 784; x_wconf 87' lang='lat' dir='ltr'><strong>viro</strong></span> <span class='ocrx_word' id='word_1_11' title='bbox 1721 722 2052 784; x_wconf 89' lang='lat' dir='ltr'><strong>consulari</strong></span> <span class='ocrx_word' id='word_1_12' title='bbox 2082 731 2148 783; x_wconf 94' lang='lat' dir='ltr'><strong>et</strong></span> <span class='ocrx_word' id='word_1_13' title='bbox 2206 721 2593 800; x_wconf 73' lang='lat' dir='ltr'><strong>Jurisperito</strong></span> <span class='ocrx_word' id='word_1_14' title='bbox 2623 722 2909 784; x_wconf 85' lang='lat' dir='ltr'><strong>otthoni</strong></span> 
     </span>
     <span class='ocr_line' id='line_1_3' title="bbox 519 821 2914 900; baseline -0 -17"><span class='ocrx_word' id='word_1_15' title='bbox 519 822 781 884; x_wconf 91' lang='lat' dir='ltr'><strong>cuidam</strong></span> <span class='ocrx_word' id='word_1_16' title='bbox 840 821 1349 894; x_wconf 88' lang='lat' dir='ltr'><strong>Godschalchio,</strong></span> <span class='ocrx_word' id='word_1_17' title='bbox 1415 823 1878 900; x_wconf 89' lang='lat' dir='ltr'><strong>nomophylaci</strong></span> <span class='ocrx_word' id='word_1_18' title='bbox 1939 822 2338 884; x_wconf 82' lang='lat' dir='ltr'><strong>nostratium</strong></span> <span class='ocrx_word' id='word_1_19' title='bbox 2395 821 2914 899; x_wconf 89' lang='lat' dir='ltr'><strong>prudentissimo</strong></span> 
     </span>
     <span class='ocr_line' id='line_1_4' title="bbox 520 920 2914 1002; baseline -0.002 -18"><span class='ocrx_word' id='word_1_20' title='bbox 520 923 763 1002; x_wconf 90' lang='lat' dir='ltr'><strong>pariter</strong></span> <span class='ocrx_word' id='word_1_21' title='bbox 794 941 870 983; x_wconf 85' lang='lat' dir='ltr'><strong>ac</strong></span> <span class='ocrx_word' id='word_1_22' title='bbox 900 921 1296 1000; x_wconf 82' lang='lat' dir='ltr'><strong>aeqvissimO,</strong></span> <span class='ocrx_word' id='word_1_23' title='bbox 1334 941 1465 983; x_wconf 92' lang='lat' dir='ltr'><strong>non</strong></span> <span class='ocrx_word' id='word_1_24' title='bbox 1496 921 1640 982; x_wconf 87' lang='lat' dir='ltr'><strong>sine</strong></span> <span class='ocrx_word' id='word_1_25' title='bbox 1671 940 1910 999; x_wconf 85' lang='lat' dir='ltr'><strong>magna</strong></span> <span class='ocrx_word' id='word_1_26' title='bbox 1940 922 2136 983; x_wconf 91' lang='lat' dir='ltr'><strong>laude</strong></span> <span class='ocrx_word' id='word_1_27' title='bbox 2165 920 2500 994; x_wconf 83' lang='lat' dir='ltr'><strong>tribuitur,</strong></span> <span class='ocrx_word' id='word_1_28' title='bbox 2539 922 2651 982; x_wconf 93' lang='lat' dir='ltr'><strong>sed</strong></span> <span class='ocrx_word' id='word_1_29' title='bbox 2682 921 2914 999; x_wconf 89' lang='lat' dir='ltr'><strong>etipse</strong></span> 
     </span>
     <span class='ocr_line' id='line_1_5' title="bbox 519 1021 2908 1102; baseline -0.002 -18"><span class='ocrx_word' id='word_1_30' title='bbox 519 1021 806 1102; x_wconf 87' lang='lat' dir='ltr'><strong>proprijs</strong></span> <span class='ocrx_word' id='word_1_31' title='bbox 856 1022 1180 1095; x_wconf 89' lang='lat' dir='ltr'><strong>manibus,</strong></span> <span class='ocrx_word' id='word_1_32' title='bbox 1218 1022 1480 1100; x_wconf 89' lang='lat' dir='ltr'><strong>qvando</strong></span> <span class='ocrx_word' id='word_1_33' title='bbox 1530 1021 1624 1082; x_wconf 93' lang='lat' dir='ltr'><strong>ita</strong></span> <span class='ocrx_word' id='word_1_34' title='bbox 1653 1040 1822 1100; x_wconf 87' lang='lat' dir='ltr'><strong>opus</strong></span> <span class='ocrx_word' id='word_1_35' title='bbox 1867 1021 2018 1094; x_wconf 89' lang='lat' dir='ltr'><strong>fuit,</strong></span> <span class='ocrx_word' id='word_1_36' title='bbox 2056 1021 2418 1094; x_wconf 85' lang='lat' dir='ltr'><strong>resarcivit,</strong></span> <span class='ocrx_word' id='word_1_37' title='bbox 2465 1021 2908 1094; x_wconf 83' lang='lat' dir='ltr'><strong>conservavit,</strong></span> 
     </span>
     <span class='ocr_line' id='line_1_6' title="bbox 521 1120 2905 1201; baseline -0.001 -16"><span class='ocrx_word' id='word_1_38' title='bbox 521 1123 805 1194; x_wconf 88' lang='lat' dir='ltr'><strong>ornavit,</strong></span> <span class='ocrx_word' id='word_1_39' title='bbox 842 1130 907 1184; x_wconf 93' lang='lat' dir='ltr'><strong>et</strong></span> <span class='ocrx_word' id='word_1_40' title='bbox 959 1121 1239 1201; x_wconf 87' lang='lat' dir='ltr'><strong>posteris</strong></span> <span class='ocrx_word' id='word_1_41' title='bbox 1270 1121 1407 1183; x_wconf 83' lang='lat' dir='ltr'><strong>suis</strong></span> <span class='ocrx_word' id='word_1_42' title='bbox 1456 1130 1701 1183; x_wconf 86' lang='lat' dir='ltr'><strong>sartam</strong></span> <span class='ocrx_word' id='word_1_43' title='bbox 1743 1129 1984 1183; x_wconf 91' lang='lat' dir='ltr'><strong>tectam</strong></span> <span class='ocrx_word' id='word_1_44' title='bbox 2029 1120 2319 1182; x_wconf 89' lang='lat' dir='ltr'><strong>servavit</strong></span> <span class='ocrx_word' id='word_1_45' title='bbox 2369 1131 2564 1199; x_wconf 87' lang='lat' dir='ltr'><strong>atqve</strong></span> <span class='ocrx_word' id='word_1_46' title='bbox 2617 1120 2905 1199; x_wconf 90' lang='lat' dir='ltr'><strong>reliqvit,</strong></span> 
     </span>
     <span class='ocr_line' id='line_1_7' title="bbox 522 1220 2910 1304; baseline -0.003 -18"><span class='ocrx_word' id='word_1_47' title='bbox 522 1224 693 1304; x_wconf 87' lang='lat' dir='ltr'><strong>qvod</strong></span> <span class='ocrx_word' id='word_1_48' title='bbox 752 1222 893 1284; x_wconf 90' lang='lat' dir='ltr'><strong>sine</strong></span> <span class='ocrx_word' id='word_1_49' title='bbox 952 1241 1191 1300; x_wconf 89' lang='lat' dir='ltr'><strong>magna</strong></span> <span class='ocrx_word' id='word_1_50' title='bbox 1250 1221 1686 1282; x_wconf 84' lang='lat' dir='ltr'><strong>admiratione</strong></span> <span class='ocrx_word' id='word_1_51' title='bbox 1745 1222 1920 1282; x_wconf 89' lang='lat' dir='ltr'><strong>inter</strong></span> <span class='ocrx_word' id='word_1_52' title='bbox 1977 1221 2366 1298; x_wconf 87' lang='lat' dir='ltr'><strong>gravissima</strong></span> <span class='ocrx_word' id='word_1_53' title='bbox 2439 1220 2910 1282; x_wconf 79' lang='lat' dir='ltr'><strong>ecclesiasticae</strong></span> 
     </span>
     <span class='ocr_line' id='line_1_8' title="bbox 523 1320 2910 1399; baseline -0.002 -14"><span class='ocrx_word' id='word_1_54' title='bbox 523 1322 887 1385; x_wconf 83' lang='lat' dir='ltr'><strong>functionis</strong></span> <span class='ocrx_word' id='word_1_55' title='bbox 958 1321 1171 1383; x_wconf 88' lang='lat' dir='ltr'><strong>officia</strong></span> <span class='ocrx_word' id='word_1_56' title='bbox 1243 1321 1496 1383; x_wconf 87' lang='lat' dir='ltr'><strong>efficere</strong></span> <span class='ocrx_word' id='word_1_57' title='bbox 1568 1321 1864 1399; x_wconf 83' lang='lat' dir='ltr'><strong>potuisse</strong></span> <span class='ocrx_word' id='word_1_58' title='bbox 1936 1330 2126 1399; x_wconf 85' lang='lat' dir='ltr'><strong>grata</strong></span> <span class='ocrx_word' id='word_1_59' title='bbox 2199 1328 2419 1382; x_wconf 92' lang='lat' dir='ltr'><strong>mente</strong></span> <span class='ocrx_word' id='word_1_60' title='bbox 2487 1320 2728 1382; x_wconf 91' lang='lat' dir='ltr'><strong>devote</strong></span> <span class='ocrx_word' id='word_1_61' title='bbox 2801 1340 2910 1398; x_wconf 88' lang='lat' dir='ltr'><strong>ag-</strong></span> 
     </span>
     <span class='ocr_line' id='line_1_9' title="bbox 522 1420 2906 1501; baseline -0.002 -16"><span class='ocrx_word' id='word_1_62' title='bbox 522 1423 857 1485; x_wconf 80' lang='lat' dir='ltr'><strong>noscimus</strong></span> <span class='ocrx_word' id='word_1_63' title='bbox 932 1425 1197 1500; x_wconf 89' lang='lat' dir='ltr'><strong>Deoqve</strong></span> <span class='ocrx_word' id='word_1_64' title='bbox 1268 1431 1612 1501; x_wconf 89' lang='lat' dir='ltr'><strong>acceptum</strong></span> <span class='ocrx_word' id='word_1_65' title='bbox 1687 1421 2055 1484; x_wconf 88' lang='lat' dir='ltr'><strong>referimus.</strong></span> <span class='ocrx_word' id='word_1_66' title='bbox 2207 1421 2349 1482; x_wconf 89' lang='lat' dir='ltr'><strong>Nec</strong></span> <span class='ocrx_word' id='word_1_67' title='bbox 2437 1420 2658 1482; x_wconf 90' lang='lat' dir='ltr'><strong>minus</strong></span> <span class='ocrx_word' id='word_1_68' title='bbox 2745 1423 2906 1482; x_wconf 79' lang='lat' dir='ltr'><strong>DnS.</strong></span> 
     </span>
     <span class='ocr_line' id='line_1_10' title="bbox 522 1519 2911 1600; baseline -0.003 -16"><span class='ocrx_word' id='word_1_69' title='bbox 522 1523 943 1600; x_wconf 80' lang='lat' dir='ltr'><strong>ArngrimuS,</strong></span> <span class='ocrx_word' id='word_1_70' title='bbox 1001 1522 1070 1581; x_wconf 90' lang='lat' dir='ltr'><strong>in</strong></span> <span class='ocrx_word' id='word_1_71' title='bbox 1126 1521 1306 1583; x_wconf 91' lang='lat' dir='ltr'><strong>omni</strong></span> <span class='ocrx_word' id='word_1_72' title='bbox 1365 1521 1710 1583; x_wconf 85' lang='lat' dir='ltr'><strong>literatura</strong></span> <span class='ocrx_word' id='word_1_73' title='bbox 1763 1529 1958 1600; x_wconf 88' lang='lat' dir='ltr'><strong>atqve</strong></span> <span class='ocrx_word' id='word_1_74' title='bbox 2015 1519 2389 1583; x_wconf 89' lang='lat' dir='ltr'><strong>eruditione</strong></span> <span class='ocrx_word' id='word_1_75' title='bbox 2445 1520 2911 1599; x_wconf 82' lang='lat' dir='ltr'><strong>peritissimus,</strong></span> 
     </span>
     <span class='ocr_line' id='line_1_11' title="bbox 524 1619 2912 1700; baseline -0.002 -16"><span class='ocrx_word' id='word_1_76' title='bbox 524 1622 882 1684; x_wconf 91' lang='lat' dir='ltr'><strong>Islandiam</strong></span> <span class='ocrx_word' id='word_1_77' title='bbox 940 1630 1231 1682; x_wconf 88' lang='lat' dir='ltr'><strong>nostram</strong></span> <span class='ocrx_word' id='word_1_78' title='bbox 1288 1620 1554 1700; x_wconf 91' lang='lat' dir='ltr'><strong>scriptis</strong></span> <span class='ocrx_word' id='word_1_79' title='bbox 1608 1622 1750 1684; x_wconf 84' lang='lat' dir='ltr'><strong>suis</strong></span> <span class='ocrx_word' id='word_1_80' title='bbox 1798 1620 2004 1698; x_wconf 88' lang='lat' dir='ltr'><strong>varijs</strong></span> <span class='ocrx_word' id='word_1_81' title='bbox 2060 1621 2274 1700; x_wconf 75' lang='lat' dir='ltr'><strong>iisqve</strong></span> <span class='ocrx_word' id='word_1_82' title='bbox 2316 1619 2720 1682; x_wconf 88' lang='lat' dir='ltr'><strong>doctissimis</strong></span> <span class='ocrx_word' id='word_1_83' title='bbox 2761 1638 2912 1698; x_wconf 91' lang='lat' dir='ltr'><strong>pru-</strong></span> 
     </span>
     <span class='ocr_line' id='line_1_12' title="bbox 522 1721 2906 1802; baseline -0.001 -19"><span class='ocrx_word' id='word_1_84' title='bbox 522 1724 751 1784; x_wconf 87' lang='lat' dir='ltr'><strong>denter</strong></span> <span class='ocrx_word' id='word_1_85' title='bbox 796 1721 1171 1793; x_wconf 86' lang='lat' dir='ltr'><strong>exornavit,</strong></span> <span class='ocrx_word' id='word_1_86' title='bbox 1207 1721 1487 1783; x_wconf 90' lang='lat' dir='ltr'><strong>detectis</strong></span> <span class='ocrx_word' id='word_1_87' title='bbox 1534 1721 1732 1782; x_wconf 92' lang='lat' dir='ltr'><strong>simul</strong></span> <span class='ocrx_word' id='word_1_88' title='bbox 1779 1722 2112 1784; x_wconf 91' lang='lat' dir='ltr'><strong>erroribus</strong></span> <span class='ocrx_word' id='word_1_89' title='bbox 2147 1740 2538 1802; x_wconf 89' lang='lat' dir='ltr'><strong>magnorum</strong></span> <span class='ocrx_word' id='word_1_90' title='bbox 2584 1722 2906 1792; x_wconf 90' lang='lat' dir='ltr'><strong>virorum,</strong></span> 
     </span>
     <span class='ocr_line' id='line_1_13' title="bbox 522 1819 2920 1902; baseline -0.001 -18"><span class='ocrx_word' id='word_1_91' title='bbox 522 1823 633 1902; x_wconf 89' lang='lat' dir='ltr'><strong>qvi</strong></span> <span class='ocrx_word' id='word_1_92' title='bbox 664 1823 863 1884; x_wconf 87' lang='lat' dir='ltr'><strong>dente</strong></span> <span class='ocrx_word' id='word_1_93' title='bbox 893 1819 1241 1883; x_wconf 84' lang='lat' dir='ltr'><strong>Theonino</strong></span> <span class='ocrx_word' id='word_1_94' title='bbox 1272 1830 1535 1898; x_wconf 85' lang='lat' dir='ltr'><strong>gentem</strong></span> <span class='ocrx_word' id='word_1_95' title='bbox 1568 1830 1859 1882; x_wconf 89' lang='lat' dir='ltr'><strong>nostram</strong></span> <span class='ocrx_word' id='word_1_96' title='bbox 1907 1822 2364 1902; x_wconf 88' lang='lat' dir='ltr'><strong>imprudenter</strong></span> <span class='ocrx_word' id='word_1_97' title='bbox 2392 1831 2458 1883; x_wconf 98' lang='lat' dir='ltr'><strong>et</strong></span> <span class='ocrx_word' id='word_1_98' title='bbox 2511 1822 2920 1884; x_wconf 87' lang='lat' dir='ltr'><strong>calumniose</strong></span> 
     </span>
     <span class='ocr_line' id='line_1_14' title="bbox 524 1918 2914 2000; baseline -0.002 -16"><span class='ocrx_word' id='word_1_99' title='bbox 524 1931 923 1984; x_wconf 87' lang='lat' dir='ltr'><strong>arroserunt.</strong></span> <span class='ocrx_word' id='word_1_100' title='bbox 1014 1918 1189 1982; x_wconf 87' lang='lat' dir='ltr'><strong>Tum</strong></span> <span class='ocrx_word' id='word_1_101' title='bbox 1240 1940 1397 1983; x_wconf 89' lang='lat' dir='ltr'><strong>vero</strong></span> <span class='ocrx_word' id='word_1_102' title='bbox 1442 1921 1545 1983; x_wconf 92' lang='lat' dir='ltr'><strong>vir</strong></span> <span class='ocrx_word' id='word_1_103' title='bbox 1574 1921 1856 1996; x_wconf 84' lang='lat' dir='ltr'><strong>insignis</strong></span> <span class='ocrx_word' id='word_1_104' title='bbox 1905 1921 2172 2000; x_wconf 89' lang='lat' dir='ltr'><strong>pietatis</strong></span> <span class='ocrx_word' id='word_1_105' title='bbox 2213 1920 2734 2000; x_wconf 89' lang='lat' dir='ltr'><strong>eruditionisqve</strong></span> <span class='ocrx_word' id='word_1_106' title='bbox 2781 1939 2914 1981; x_wconf 90' lang='lat' dir='ltr'><strong>non</strong></span> 
     </span>
     <span class='ocr_line' id='line_1_15' title="bbox 524 2020 2916 2097; baseline -0.001 -13"><span class='ocrx_word' id='word_1_107' title='bbox 524 2022 871 2084; x_wconf 90' lang='lat' dir='ltr'><strong>mediocris</strong></span> <span class='ocrx_word' id='word_1_108' title='bbox 897 2021 1074 2082; x_wconf 91' lang='lat' dir='ltr'><strong>domi</strong></span> <span class='ocrx_word' id='word_1_109' title='bbox 1098 2030 1165 2082; x_wconf 91' lang='lat' dir='ltr'><strong>at</strong></span> <span class='ocrx_word' id='word_1_110' title='bbox 1190 2039 1321 2082; x_wconf 90' lang='lat' dir='ltr'><strong>non</strong></span> <span class='ocrx_word' id='word_1_111' title='bbox 1350 2020 1419 2082; x_wconf 92' lang='lat' dir='ltr'><strong>in</strong></span> <span class='ocrx_word' id='word_1_112' title='bbox 1450 2021 1702 2082; x_wconf 85' lang='lat' dir='ltr'><strong>exteris</strong></span> <span class='ocrx_word' id='word_1_113' title='bbox 1721 2021 2277 2084; x_wconf 87' lang='lat' dir='ltr'><strong>absolutissimam</strong></span> <span class='ocrx_word' id='word_1_114' title='bbox 2302 2021 2646 2084; x_wconf 88' lang='lat' dir='ltr'><strong>medicinae</strong></span> <span class='ocrx_word' id='word_1_115' title='bbox 2695 2020 2916 2097; x_wconf 87' lang='lat' dir='ltr'><strong>cogni—</strong></span> 
     </span>
     <span class='ocr_line' id='line_1_16' title="bbox 525 2120 2916 2200; baseline -0.002 -16"><span class='ocrx_word' id='word_1_116' title='bbox 525 2124 771 2184; x_wconf 87' lang='lat' dir='ltr'><strong>tionem</strong></span> <span class='ocrx_word' id='word_1_117' title='bbox 830 2120 1147 2182; x_wconf 90' lang='lat' dir='ltr'><strong>addidicit</strong></span> <span class='ocrx_word' id='word_1_118' title='bbox 1204 2129 1427 2200; x_wconf 90' lang='lat' dir='ltr'><strong>pastor</strong></span> <span class='ocrx_word' id='word_1_119' title='bbox 1486 2122 1886 2183; x_wconf 91' lang='lat' dir='ltr'><strong>reverendus</strong></span> <span class='ocrx_word' id='word_1_120' title='bbox 1945 2124 2071 2184; x_wconf 86' lang='lat' dir='ltr'><strong>Dn.</strong></span> <span class='ocrx_word' id='word_1_121' title='bbox 2131 2124 2344 2185; x_wconf 90' lang='lat' dir='ltr'><strong>Ottho</strong></span> <span class='ocrx_word' id='word_1_122' title='bbox 2401 2121 2736 2194; x_wconf 85' lang='lat' dir='ltr'><strong>otthonis,</strong></span> <span class='ocrx_word' id='word_1_123' title='bbox 2802 2121 2916 2199; x_wconf 87' lang='lat' dir='ltr'><strong>qvi</strong></span> 
     </span>
     <span class='ocr_line' id='line_1_17' title="bbox 526 2220 2924 2300; baseline -0.001 -16"><span class='ocrx_word' id='word_1_124' title='bbox 526 2225 790 2295; x_wconf 80' lang='lat' dir='ltr'><strong>multOS,</strong></span> <span class='ocrx_word' id='word_1_125' title='bbox 827 2222 1027 2283; x_wconf 91' lang='lat' dir='ltr'><strong>etiam</strong></span> <span class='ocrx_word' id='word_1_126' title='bbox 1079 2222 1344 2300; x_wconf 88' lang='lat' dir='ltr'><strong>ignotos</strong></span> <span class='ocrx_word' id='word_1_127' title='bbox 1371 2221 1658 2282; x_wconf 89' lang='lat' dir='ltr'><strong>exoticis</strong></span> <span class='ocrx_word' id='word_1_128' title='bbox 1705 2240 1962 2300; x_wconf 89' lang='lat' dir='ltr'><strong>qvoqve</strong></span> <span class='ocrx_word' id='word_1_129' title='bbox 1991 2224 2366 2298; x_wconf 81' lang='lat' dir='ltr'><strong>chyrurgis,</strong></span> <span class='ocrx_word' id='word_1_130' title='bbox 2403 2220 2924 2282; x_wconf 87' lang='lat' dir='ltr'><strong>immedicabiles</strong></span> 
     </span>
     <span class='ocr_line' id='line_1_18' title="bbox 524 2321 2919 2402; baseline -0.002 -18"><span class='ocrx_word' id='word_1_131' title='bbox 524 2324 785 2384; x_wconf 90' lang='lat' dir='ltr'><strong>morbos</strong></span> <span class='ocrx_word' id='word_1_132' title='bbox 835 2322 1231 2384; x_wconf 82' lang='lat' dir='ltr'><strong>faelicissime</strong></span> <span class='ocrx_word' id='word_1_133' title='bbox 1266 2323 1599 2382; x_wconf 84' lang='lat' dir='ltr'><strong>&#39;hactenus</strong></span> <span class='ocrx_word' id='word_1_134' title='bbox 1649 2341 1724 2382; x_wconf 89' lang='lat' dir='ltr'><strong>ac</strong></span> <span class='ocrx_word' id='word_1_135' title='bbox 1767 2322 1971 2382; x_wconf 89' lang='lat' dir='ltr'><strong>solide</strong></span> <span class='ocrx_word' id='word_1_136' title='bbox 2029 2322 2309 2384; x_wconf 84' lang='lat' dir='ltr'><strong>curavit.</strong></span> <span class='ocrx_word' id='word_1_137' title='bbox 2403 2321 2576 2402; x_wconf 74' lang='lat' dir='ltr'><strong>Qvid</strong></span> <span class='ocrx_word' id='word_1_138' title='bbox 2635 2321 2919 2382; x_wconf 89' lang='lat' dir='ltr'><strong>referam</strong></span> 
     </span>
     <span class='ocr_line' id='line_1_19' title="bbox 522 2420 2919 2501; baseline -0.001 -16"><span class='ocrx_word' id='word_1_139' title='bbox 522 2423 741 2487; x_wconf 90' lang='lat' dir='ltr'><strong>virum</strong></span> <span class='ocrx_word' id='word_1_140' title='bbox 771 2421 1119 2501; x_wconf 88' lang='lat' dir='ltr'><strong>plebeium,</strong></span> <span class='ocrx_word' id='word_1_141' title='bbox 1158 2421 1353 2497; x_wconf 87' lang='lat' dir='ltr'><strong>cujus</strong></span> <span class='ocrx_word' id='word_1_142' title='bbox 1382 2441 1619 2483; x_wconf 91' lang='lat' dir='ltr'><strong>nomen</strong></span> <span class='ocrx_word' id='word_1_143' title='bbox 1652 2422 1957 2498; x_wconf 87' lang='lat' dir='ltr'><strong>ignotum</strong></span> <span class='ocrx_word' id='word_1_144' title='bbox 1982 2431 2214 2501; x_wconf 88' lang='lat' dir='ltr'><strong>utpote</strong></span> <span class='ocrx_word' id='word_1_145' title='bbox 2242 2423 2311 2483; x_wconf 93' lang='lat' dir='ltr'><strong>in</strong></span> <span class='ocrx_word' id='word_1_146' title='bbox 2343 2420 2708 2500; x_wconf 90' lang='lat' dir='ltr'><strong>aqvilonari</strong></span> <span class='ocrx_word' id='word_1_147' title='bbox 2729 2430 2919 2499; x_wconf 92' lang='lat' dir='ltr'><strong>parte</strong></span> 
     </span>
     <span class='ocr_line' id='line_1_20' title="bbox 525 2520 2912 2600; baseline -0.002 -16"><span class='ocrx_word' id='word_1_148' title='bbox 525 2523 909 2595; x_wconf 89' lang='lat' dir='ltr'><strong>habitantis,</strong></span> <span class='ocrx_word' id='word_1_149' title='bbox 946 2521 1053 2582; x_wconf 89' lang='lat' dir='ltr'><strong>cui</strong></span> <span class='ocrx_word' id='word_1_150' title='bbox 1076 2523 1253 2583; x_wconf 89' lang='lat' dir='ltr'><strong>Deus</strong></span> <span class='ocrx_word' id='word_1_151' title='bbox 1282 2530 1347 2582; x_wconf 90' lang='lat' dir='ltr'><strong>et</strong></span> <span class='ocrx_word' id='word_1_152' title='bbox 1374 2530 1609 2582; x_wconf 90' lang='lat' dir='ltr'><strong>natura</strong></span> <span class='ocrx_word' id='word_1_153' title='bbox 1634 2522 1874 2583; x_wconf 84' lang='lat' dir='ltr'><strong>indidit</strong></span> <span class='ocrx_word' id='word_1_154' title='bbox 1899 2521 2280 2584; x_wconf 87' lang='lat' dir='ltr'><strong>affectiones</strong></span> <span class='ocrx_word' id='word_1_155' title='bbox 2301 2522 2592 2600; x_wconf 91' lang='lat' dir='ltr'><strong>corporis</strong></span> <span class='ocrx_word' id='word_1_156' title='bbox 2614 2520 2912 2594; x_wconf 88' lang='lat' dir='ltr'><strong>humani,</strong></span> 
     </span>
     <span class='ocr_line' id='line_1_21' title="bbox 525 2621 2926 2700; baseline -0.001 -15"><span class='ocrx_word' id='word_1_157' title='bbox 525 2643 606 2685; x_wconf 92' lang='lat' dir='ltr'><strong>ne</strong></span> <span class='ocrx_word' id='word_1_158' title='bbox 626 2623 843 2683; x_wconf 90' lang='lat' dir='ltr'><strong>dicam</strong></span> <span class='ocrx_word' id='word_1_159' title='bbox 862 2621 1101 2682; x_wconf 90' lang='lat' dir='ltr'><strong>mentis</strong></span> <span class='ocrx_word' id='word_1_160' title='bbox 1123 2640 1399 2699; x_wconf 89' lang='lat' dir='ltr'><strong>qvoqve,</strong></span> <span class='ocrx_word' id='word_1_161' title='bbox 1431 2623 1511 2681; x_wconf 91' lang='lat' dir='ltr'><strong>ad</strong></span> <span class='ocrx_word' id='word_1_162' title='bbox 1537 2640 1826 2700; x_wconf 89' lang='lat' dir='ltr'><strong>ungvem</strong></span> <span class='ocrx_word' id='word_1_163' title='bbox 1850 2623 2105 2695; x_wconf 89' lang='lat' dir='ltr'><strong>callere,</strong></span> <span class='ocrx_word' id='word_1_164' title='bbox 2131 2622 2397 2696; x_wconf 89' lang='lat' dir='ltr'><strong>dicitur,</strong></span> <span class='ocrx_word' id='word_1_165' title='bbox 2433 2621 2926 2699; x_wconf 87' lang='lat' dir='ltr'><strong>earundemqve</strong></span> 
     </span>
     <span class='ocr_line' id='line_1_22' title="bbox 527 2721 2915 2800; baseline -0.001 -15"><span class='ocrx_word' id='word_1_166' title='bbox 527 2741 753 2786; x_wconf 90' lang='lat' dir='ltr'><strong>curam</strong></span> <span class='ocrx_word' id='word_1_167' title='bbox 782 2721 1161 2782; x_wconf 88' lang='lat' dir='ltr'><strong>domesticis</strong></span> <span class='ocrx_word' id='word_1_168' title='bbox 1206 2721 1579 2798; x_wconf 89' lang='lat' dir='ltr'><strong>pharmacis</strong></span> <span class='ocrx_word' id='word_1_169' title='bbox 1606 2722 2117 2800; x_wconf 89' lang='lat' dir='ltr'><strong>prudentissime</strong></span> <span class='ocrx_word' id='word_1_170' title='bbox 2165 2722 2645 2783; x_wconf 89' lang='lat' dir='ltr'><strong>administrare.</strong></span> <span class='ocrx_word' id='word_1_171' title='bbox 2738 2723 2915 2784; x_wconf 89' lang='lat' dir='ltr'><strong>Sunt</strong></span> 
     </span>
     <span class='ocr_line' id='line_1_23' title="bbox 525 2820 2914 2901; baseline -0.001 -17"><span class='ocrx_word' id='word_1_172' title='bbox 525 2831 845 2901; x_wconf 88' lang='lat' dir='ltr'><strong>praeterea</strong></span> <span class='ocrx_word' id='word_1_173' title='bbox 875 2821 1068 2882; x_wconf 90' lang='lat' dir='ltr'><strong>multi</strong></span> <span class='ocrx_word' id='word_1_174' title='bbox 1100 2840 1357 2900; x_wconf 89' lang='lat' dir='ltr'><strong>qvoqve</strong></span> <span class='ocrx_word' id='word_1_175' title='bbox 1389 2820 1526 2897; x_wconf 86' lang='lat' dir='ltr'><strong>alij,</strong></span> <span class='ocrx_word' id='word_1_176' title='bbox 1562 2822 1766 2883; x_wconf 90' lang='lat' dir='ltr'><strong>etiam</strong></span> <span class='ocrx_word' id='word_1_177' title='bbox 1796 2822 1970 2883; x_wconf 90' lang='lat' dir='ltr'><strong>inter</strong></span> <span class='ocrx_word' id='word_1_178' title='bbox 2015 2823 2378 2901; x_wconf 83' lang='lat' dir='ltr'><strong>prudentes</strong></span> <span class='ocrx_word' id='word_1_179' title='bbox 2408 2821 2735 2894; x_wconf 83' lang='lat' dir='ltr'><strong>foeminas,</strong></span> <span class='ocrx_word' id='word_1_180' title='bbox 2774 2821 2914 2898; x_wconf 90' lang='lat' dir='ltr'><strong>qvi—</strong></span> 
     </span>
     <span class='ocr_line' id='line_1_24' title="bbox 526 2921 2926 3001; baseline -0.002 -16"><span class='ocrx_word' id='word_1_181' title='bbox 526 2925 651 2986; x_wconf 88' lang='lat' dir='ltr'><strong>bus</strong></span> <span class='ocrx_word' id='word_1_182' title='bbox 692 2921 1089 3001; x_wconf 89' lang='lat' dir='ltr'><strong>peculiarem</strong></span> <span class='ocrx_word' id='word_1_183' title='bbox 1118 2921 1450 2983; x_wconf 87' lang='lat' dir='ltr'><strong>solertiam</strong></span> <span class='ocrx_word' id='word_1_184' title='bbox 1496 2941 1572 2983; x_wconf 90' lang='lat' dir='ltr'><strong>ac</strong></span> <span class='ocrx_word' id='word_1_185' title='bbox 1595 2921 1990 2982; x_wconf 89' lang='lat' dir='ltr'><strong>industriam</strong></span> <span class='ocrx_word' id='word_1_186' title='bbox 2015 2943 2103 2983; x_wconf 86' lang='lat' dir='ltr'><strong>ex</strong></span> <span class='ocrx_word' id='word_1_187' title='bbox 2131 2922 2273 3000; x_wconf 90' lang='lat' dir='ltr'><strong>ipsa</strong></span> <span class='ocrx_word' id='word_1_188' title='bbox 2303 2930 2542 2983; x_wconf 90' lang='lat' dir='ltr'><strong>natura</strong></span> <span class='ocrx_word' id='word_1_189' title='bbox 2571 2921 2784 2981; x_wconf 89' lang='lat' dir='ltr'><strong>inesse</strong></span> <span class='ocrx_word' id='word_1_190' title='bbox 2814 2939 2926 2980; x_wconf 91' lang='lat' dir='ltr'><strong>res</strong></span> 
     </span>
     <span class='ocr_line' id='line_1_25' title="bbox 528 3022 2918 3102; baseline -0.003 -17"><span class='ocrx_word' id='word_1_191' title='bbox 528 3025 668 3102; x_wconf 89' lang='lat' dir='ltr'><strong>ipsa</strong></span> <span class='ocrx_word' id='word_1_192' title='bbox 726 3023 1040 3100; x_wconf 88' lang='lat' dir='ltr'><strong>loqvitur,</strong></span> <span class='ocrx_word' id='word_1_193' title='bbox 1077 3023 1242 3083; x_wconf 90' lang='lat' dir='ltr'><strong>adeo</strong></span> <span class='ocrx_word' id='word_1_194' title='bbox 1300 3031 1373 3084; x_wconf 89' lang='lat' dir='ltr'><strong>ut</strong></span> <span class='ocrx_word' id='word_1_195' title='bbox 1416 3023 1522 3084; x_wconf 90' lang='lat' dir='ltr'><strong>vel</strong></span> <span class='ocrx_word' id='word_1_196' title='bbox 1581 3022 1946 3083; x_wconf 77' lang='lat' dir='ltr'><strong>cimbatum</strong></span> <span class='ocrx_word' id='word_1_197' title='bbox 2005 3022 2383 3095; x_wconf 81' lang='lat' dir='ltr'><strong>directoreS,</strong></span> <span class='ocrx_word' id='word_1_198' title='bbox 2420 3023 2527 3082; x_wconf 89' lang='lat' dir='ltr'><strong>vel</strong></span> <span class='ocrx_word' id='word_1_199' title='bbox 2585 3029 2918 3081; x_wconf 89' lang='lat' dir='ltr'><strong>astrorum</strong></span> 
     </span>
     <span class='ocr_line' id='line_1_26' title="bbox 526 3121 2924 3200; baseline -0.003 -13"><span class='ocrx_word' id='word_1_200' title='bbox 526 3132 747 3187; x_wconf 88' lang='lat' dir='ltr'><strong>ortum</strong></span> <span class='ocrx_word' id='word_1_201' title='bbox 792 3131 856 3184; x_wconf 89' lang='lat' dir='ltr'><strong>et</strong></span> <span class='ocrx_word' id='word_1_202' title='bbox 886 3140 1191 3184; x_wconf 88' lang='lat' dir='ltr'><strong>occasum</strong></span> <span class='ocrx_word' id='word_1_203' title='bbox 1237 3123 1607 3196; x_wconf 88' lang='lat' dir='ltr'><strong>observent,</strong></span> <span class='ocrx_word' id='word_1_204' title='bbox 1662 3131 2088 3200; x_wconf 89' lang='lat' dir='ltr'><strong>tempestates</strong></span> <span class='ocrx_word' id='word_1_205' title='bbox 2138 3122 2400 3183; x_wconf 82' lang='lat' dir='ltr'><strong>futuras</strong></span> <span class='ocrx_word' id='word_1_206' title='bbox 2439 3139 2572 3182; x_wconf 90' lang='lat' dir='ltr'><strong>non</strong></span> <span class='ocrx_word' id='word_1_207' title='bbox 2625 3121 2924 3198; x_wconf 83' lang='lat' dir='ltr'><strong>segniter</strong></span> 
     </span>
     <span class='ocr_line' id='line_1_27' title="bbox 526 3221 2922 3304; baseline -0.002 -18"><span class='ocrx_word' id='word_1_208' title='bbox 526 3224 935 3304; x_wconf 80' lang='lat' dir='ltr'><strong>praevideant</strong></span> <span class='ocrx_word' id='word_1_209' title='bbox 994 3232 1189 3301; x_wconf 92' lang='lat' dir='ltr'><strong>atqve</strong></span> <span class='ocrx_word' id='word_1_210' title='bbox 1218 3223 1643 3300; x_wconf 85' lang='lat' dir='ltr'><strong>praesagiant,</strong></span> <span class='ocrx_word' id='word_1_211' title='bbox 1679 3232 1745 3283; x_wconf 91' lang='lat' dir='ltr'><strong>et</strong></span> <span class='ocrx_word' id='word_1_212' title='bbox 1804 3222 1936 3283; x_wconf 92' lang='lat' dir='ltr'><strong>iam</strong></span> <span class='ocrx_word' id='word_1_213' title='bbox 1965 3222 2084 3282; x_wconf 89' lang='lat' dir='ltr'><strong>diu</strong></span> <span class='ocrx_word' id='word_1_214' title='bbox 2142 3223 2341 3299; x_wconf 86' lang='lat' dir='ltr'><strong>longa</strong></span> <span class='ocrx_word' id='word_1_215' title='bbox 2399 3221 2922 3283; x_wconf 85' lang='lat' dir='ltr'><strong>excercitatione</strong></span> 
     </span>
     <span class='ocr_line' id='line_1_28' title="bbox 527 3321 2918 3399; baseline -0.003 -13"><span class='ocrx_word' id='word_1_216' title='bbox 527 3324 705 3386; x_wconf 90' lang='lat' dir='ltr'><strong>docti</strong></span> <span class='ocrx_word' id='word_1_217' title='bbox 728 3323 991 3385; x_wconf 84' lang='lat' dir='ltr'><strong>fluxum</strong></span> <span class='ocrx_word' id='word_1_218' title='bbox 1024 3342 1099 3383; x_wconf 92' lang='lat' dir='ltr'><strong>ac</strong></span> <span class='ocrx_word' id='word_1_219' title='bbox 1128 3321 1461 3383; x_wconf 87' lang='lat' dir='ltr'><strong>refluxum</strong></span> <span class='ocrx_word' id='word_1_220' title='bbox 1493 3322 1780 3383; x_wconf 89' lang='lat' dir='ltr'><strong>marisin</strong></span> <span class='ocrx_word' id='word_1_221' title='bbox 1812 3321 2034 3398; x_wconf 83' lang='lat' dir='ltr'><strong>varijs·</strong></span> <span class='ocrx_word' id='word_1_222' title='bbox 2058 3322 2220 3383; x_wconf 91' lang='lat' dir='ltr'><strong>locis</strong></span> <span class='ocrx_word' id='word_1_223' title='bbox 2245 3341 2280 3382; x_wconf 84' lang='lat' dir='ltr'><strong>a</strong></span> <span class='ocrx_word' id='word_1_224' title='bbox 2330 3321 2547 3399; x_wconf 90' lang='lat' dir='ltr'><strong>priore</strong></span> <span class='ocrx_word' id='word_1_225' title='bbox 2576 3328 2756 3381; x_wconf 89' lang='lat' dir='ltr'><strong>statu</strong></span> <span class='ocrx_word' id='word_1_226' title='bbox 2802 3340 2918 3380; x_wconf 83' lang='lat' dir='ltr'><strong>ex·</strong></span> 
     </span>
     <span class='ocr_line' id='line_1_29' title="bbox 529 3420 2918 3500; baseline -0.002 -15"><span class='ocrx_word' id='word_1_227' title='bbox 529 3424 927 3486; x_wconf 86' lang='lat' dir='ltr'><strong>orbitantem</strong></span> <span class='ocrx_word' id='word_1_228' title='bbox 987 3422 1397 3499; x_wconf 87' lang='lat' dir='ltr'><strong>argumentis</strong></span> <span class='ocrx_word' id='word_1_229' title='bbox 1427 3422 1798 3483; x_wconf 81' lang='lat' dir='ltr'><strong>manifestis</strong></span> <span class='ocrx_word' id='word_1_230' title='bbox 1855 3421 2256 3496; x_wconf 90' lang='lat' dir='ltr'><strong>edocuerint,</strong></span> <span class='ocrx_word' id='word_1_231' title='bbox 2295 3423 2467 3500; x_wconf 91' lang='lat' dir='ltr'><strong>qvod</strong></span> <span class='ocrx_word' id='word_1_232' title='bbox 2527 3420 2918 3482; x_wconf 87' lang='lat' dir='ltr'><strong>varietatem</strong></span> 
     </span>
     <span class='ocr_line' id='line_1_30' title="bbox 528 3521 2928 3600; baseline -0.001 -16"><span class='ocrx_word' id='word_1_233' title='bbox 528 3525 821 3585; x_wconf 90' lang='lat' dir='ltr'><strong>locorum</strong></span> <span class='ocrx_word' id='word_1_234' title='bbox 870 3522 1033 3583; x_wconf 89' lang='lat' dir='ltr'><strong>alias</strong></span> <span class='ocrx_word' id='word_1_235' title='bbox 1080 3523 1588 3595; x_wconf 88' lang='lat' dir='ltr'><strong>submersorum,</strong></span> <span class='ocrx_word' id='word_1_236' title='bbox 1628 3522 1790 3583; x_wconf 89' lang='lat' dir='ltr'><strong>alias</strong></span> <span class='ocrx_word' id='word_1_237' title='bbox 1838 3523 2324 3584; x_wconf 79' lang='lat' dir='ltr'><strong>exs‘iccatorum</strong></span> <span class='ocrx_word' id='word_1_238' title='bbox 2371 3541 2488 3600; x_wconf 89' lang='lat' dir='ltr'><strong>pro</strong></span> <span class='ocrx_word' id='word_1_239' title='bbox 2534 3521 2928 3582; x_wconf 89' lang='lat' dir='ltr'><strong>diversitate</strong></span> 
     </span>
     <span class='ocr_line' id='line_1_31' title="bbox 529 3621 1703 3701; baseline 0.002 -18"><span class='ocrx_word' id='word_1_240' title='bbox 529 3624 815 3701; x_wconf 89' lang='lat' dir='ltr'><strong>impetus</strong></span> <span class='ocrx_word' id='word_1_241' title='bbox 843 3621 1171 3683; x_wconf 88' lang='lat' dir='ltr'><strong>fluctuum</strong></span> <span class='ocrx_word' id='word_1_242' title='bbox 1200 3623 1456 3683; x_wconf 83' lang='lat' dir='ltr'><strong>causari</strong></span> <span class='ocrx_word' id='word_1_243' title='bbox 1488 3623 1703 3685; x_wconf 77' lang='lat' dir='ltr'><strong>credo,</strong></span> 
     </span>
    </p>
   </div>
   <div class='ocr_carea' id='block_1_3' title="bbox 526 3737 2928 4623">
    <p class='ocr_par' dir='ltr' id='par_1_3' title="bbox 526 3737 2928 4623">
     <span class='ocr_line' id='line_1_32' title="bbox 614 3737 2923 3818; baseline -0.004 -10"><span class='ocrx_word' id='word_1_244' title='bbox 614 3745 995 3818; x_wconf 86' lang='lat' dir='ltr'><strong>Capitulum</strong></span> <span class='ocrx_word' id='word_1_245' title='bbox 1047 3747 1189 3804; x_wconf 91' lang='lat' dir='ltr'><strong>XL.</strong></span> <span class='ocrx_word' id='word_1_246' title='bbox 1276 3737 1600 3799; x_wconf 81' lang='lat' dir='ltr'><strong>Foeminae</strong></span> <span class='ocrx_word' id='word_1_247' title='bbox 1651 3758 1828 3812; x_wconf 89' lang='lat' dir='ltr'><strong>vero,</strong></span> <span class='ocrx_word' id='word_1_248' title='bbox 1894 3739 2134 3817; x_wconf 85' lang='lat' dir='ltr'><strong>qvibus</strong></span> <span class='ocrx_word' id='word_1_249' title='bbox 2184 3739 2309 3799; x_wconf 90' lang='lat' dir='ltr'><strong>hoc</strong></span> <span class='ocrx_word' id='word_1_250' title='bbox 2369 3738 2505 3799; x_wconf 88' lang='lat' dir='ltr'><strong>fere</strong></span> <span class='ocrx_word' id='word_1_251' title='bbox 2550 3738 2727 3811; x_wconf 77' lang='lat' dir='ltr'><strong>soli3‚</strong></span> <span class='ocrx_word' id='word_1_252' title='bbox 2786 3757 2923 3799; x_wconf 87' lang='lat' dir='ltr'><strong>non</strong></span> 
     </span>
     <span class='ocr_line' id='line_1_33' title="bbox 530 3836 2920 3912; baseline -0.002 -11"><span class='ocrx_word' id='word_1_253' title='bbox 530 3848 753 3901; x_wconf 89' lang='lat' dir='ltr'><strong>autem</strong></span> <span class='ocrx_word' id='word_1_254' title='bbox 797 3836 1107 3910; x_wconf 81' lang='lat' dir='ltr'><strong>maribuS,</strong></span> <span class='ocrx_word' id='word_1_255' title='bbox 1154 3837 1602 3899; x_wconf 88' lang='lat' dir='ltr'><strong>concreditum</strong></span> <span class='ocrx_word' id='word_1_256' title='bbox 1645 3848 1766 3912; x_wconf 87' lang='lat' dir='ltr'><strong>est,</strong></span> <span class='ocrx_word' id='word_1_257' title='bbox 1820 3848 1893 3900; x_wconf 89' lang='lat' dir='ltr'><strong>ut</strong></span> <span class='ocrx_word' id='word_1_258' title='bbox 1938 3838 2350 3899; x_wconf 91' lang='lat' dir='ltr'><strong>alimentaria</strong></span> <span class='ocrx_word' id='word_1_259' title='bbox 2395 3846 2681 3898; x_wconf 89' lang='lat' dir='ltr'><strong>tractent</strong></span> <span class='ocrx_word' id='word_1_260' title='bbox 2725 3845 2790 3898; x_wconf 89' lang='lat' dir='ltr'><strong>et</strong></span> <span class='ocrx_word' id='word_1_261' title='bbox 2835 3839 2920 3898; x_wconf 90' lang='lat' dir='ltr'><strong>ad</strong></span> 
     </span>
     <span class='ocr_line' id='line_1_34' title="bbox 530 3927 2920 4018; baseline -0.002 -15"><span class='ocrx_word' id='word_1_262' title='bbox 530 3958 692 4003; x_wconf 88' lang='lat' dir='ltr'><strong>usus</strong></span> <span class='ocrx_word' id='word_1_263' title='bbox 721 3937 1141 4018; x_wconf 91' lang='lat' dir='ltr'><strong>qvotidianos</strong></span> <span class='ocrx_word' id='word_1_264' title='bbox 1170 3947 1564 4016; x_wconf 83' lang='lat' dir='ltr'><strong>praeparent,</strong></span> <span class='ocrx_word' id='word_1_265' title='bbox 1601 3937 1732 4000; x_wconf 91' lang='lat' dir='ltr'><strong>dici</strong></span> <span class='ocrx_word' id='word_1_266' title='bbox 1763 3927 1883 4000; x_wconf 81' lang='lat' dir='ltr'><strong>vix</strong></span> <span class='ocrx_word' id='word_1_267' title='bbox 1913 3948 2152 4017; x_wconf 89' lang='lat' dir='ltr'><strong>potest,</strong></span> <span class='ocrx_word' id='word_1_268' title='bbox 2190 3947 2437 4017; x_wconf 87' lang='lat' dir='ltr'><strong>qvanta</strong></span> <span class='ocrx_word' id='word_1_269' title='bbox 2468 3937 2808 3999; x_wconf 89' lang='lat' dir='ltr'><strong>alacritate</strong></span> <span class='ocrx_word' id='word_1_270' title='bbox 2852 3946 2920 4000; x_wconf 89' lang='lat' dir='ltr'><strong>et</strong></span> 
     </span>
     <span class='ocr_line' id='line_1_35' title="bbox 530 4037 2924 4119; baseline -0.001 -17"><span class='ocrx_word' id='word_1_271' title='bbox 530 4039 777 4119; x_wconf 88' lang='lat' dir='ltr'><strong>insigni</strong></span> <span class='ocrx_word' id='word_1_272' title='bbox 820 4037 1162 4112; x_wconf 89' lang='lat' dir='ltr'><strong>varietate,</strong></span> <span class='ocrx_word' id='word_1_273' title='bbox 1215 4057 1626 4117; x_wconf 86' lang='lat' dir='ltr'><strong>qvaecunqve</strong></span> <span class='ocrx_word' id='word_1_274' title='bbox 1684 4038 1858 4099; x_wconf 89' lang='lat' dir='ltr'><strong>inter</strong></span> <span class='ocrx_word' id='word_1_275' title='bbox 1899 4039 2046 4100; x_wconf 91' lang='lat' dir='ltr'><strong>illas</strong></span> <span class='ocrx_word' id='word_1_276' title='bbox 2101 4047 2258 4100; x_wconf 90' lang='lat' dir='ltr'><strong>sunt</strong></span> <span class='ocrx_word' id='word_1_277' title='bbox 2305 4037 2660 4099; x_wconf 91' lang='lat' dir='ltr'><strong>nobiliores</strong></span> <span class='ocrx_word' id='word_1_278' title='bbox 2719 4047 2924 4116; x_wconf 90' lang='lat' dir='ltr'><strong>atqve</strong></span> 
     </span>
     <span class='ocr_line' id='line_1_36' title="bbox 528 4137 2918 4214; baseline -0.003 -9"><span class='ocrx_word' id='word_1_279' title='bbox 528 4141 951 4212; x_wconf 90' lang='lat' dir='ltr'><strong>liberaliores,</strong></span> <span class='ocrx_word' id='word_1_280' title='bbox 989 4158 1125 4200; x_wconf 90' lang='lat' dir='ltr'><strong>rem</strong></span> <span class='ocrx_word' id='word_1_281' title='bbox 1178 4138 1666 4213; x_wconf 89' lang='lat' dir='ltr'><strong>administrent,</strong></span> <span class='ocrx_word' id='word_1_282' title='bbox 1705 4159 1834 4199; x_wconf 91' lang='lat' dir='ltr'><strong>non</strong></span> <span class='ocrx_word' id='word_1_283' title='bbox 1871 4140 2086 4201; x_wconf 89' lang='lat' dir='ltr'><strong>solum</strong></span> <span class='ocrx_word' id='word_1_284' title='bbox 2115 4158 2204 4199; x_wconf 84' lang='lat' dir='ltr'><strong>ex</strong></span> <span class='ocrx_word' id='word_1_285' title='bbox 2234 4137 2590 4214; x_wconf 87' lang='lat' dir='ltr'><strong>lacticinijs</strong></span> <span class='ocrx_word' id='word_1_286' title='bbox 2619 4137 2918 4199; x_wconf 90' lang='lat' dir='ltr'><strong>innume·</strong></span> 
     </span>
     <span class='ocr_line' id='line_1_37' title="bbox 526 4237 2920 4318; baseline -0.002 -14"><span class='ocrx_word' id='word_1_287' title='bbox 526 4243 637 4316; x_wconf 88' lang='lat' dir='ltr'><strong>ris,</strong></span> <span class='ocrx_word' id='word_1_288' title='bbox 674 4242 786 4303; x_wconf 91' lang='lat' dir='ltr'><strong>sed</strong></span> <span class='ocrx_word' id='word_1_289' title='bbox 845 4241 1046 4302; x_wconf 85' lang='lat' dir='ltr'><strong>etiam</strong></span> <span class='ocrx_word' id='word_1_290' title='bbox 1075 4258 1163 4300; x_wconf 84' lang='lat' dir='ltr'><strong>ex</strong></span> <span class='ocrx_word' id='word_1_291' title='bbox 1221 4239 1531 4302; x_wconf 88' lang='lat' dir='ltr'><strong>carnibus</strong></span> <span class='ocrx_word' id='word_1_292' title='bbox 1560 4239 1944 4301; x_wconf 88' lang='lat' dir='ltr'><strong>animalium</strong></span> <span class='ocrx_word' id='word_1_293' title='bbox 2003 4238 2252 4318; x_wconf 89' lang='lat' dir='ltr'><strong>pariter</strong></span> <span class='ocrx_word' id='word_1_294' title='bbox 2293 4257 2370 4298; x_wconf 92' lang='lat' dir='ltr'><strong>ac</strong></span> <span class='ocrx_word' id='word_1_295' title='bbox 2427 4237 2708 4318; x_wconf 90' lang='lat' dir='ltr'><strong>piscium</strong></span> <span class='ocrx_word' id='word_1_296' title='bbox 2767 4256 2920 4300; x_wconf 91' lang='lat' dir='ltr'><strong>cum</strong></span> 
     </span>
     <span class='ocr_line' id='line_1_38' title="bbox 529 4338 2919 4421; baseline -0.002 -16"><span class='ocrx_word' id='word_1_297' title='bbox 529 4341 809 4421; x_wconf 88' lang='lat' dir='ltr'><strong>jusculis</strong></span> <span class='ocrx_word' id='word_1_298' title='bbox 864 4340 1003 4402; x_wconf 88' lang='lat' dir='ltr'><strong>suis</strong></span> <span class='ocrx_word' id='word_1_299' title='bbox 1031 4358 1164 4401; x_wconf 88' lang='lat' dir='ltr'><strong>non</strong></span> <span class='ocrx_word' id='word_1_300' title='bbox 1218 4339 1666 4417; x_wconf 77' lang='lat' dir='ltr'><strong>aspernandiS,</strong></span> <span class='ocrx_word' id='word_1_301' title='bbox 1703 4340 1816 4401; x_wconf 91' lang='lat' dir='ltr'><strong>sed</strong></span> <span class='ocrx_word' id='word_1_302' title='bbox 1875 4339 2077 4401; x_wconf 89' lang='lat' dir='ltr'><strong>etiam</strong></span> <span class='ocrx_word' id='word_1_303' title='bbox 2107 4357 2193 4400; x_wconf 84' lang='lat' dir='ltr'><strong>ex</strong></span> <span class='ocrx_word' id='word_1_304' title='bbox 2254 4348 2448 4400; x_wconf 79' lang='lat' dir='ltr'><strong>terrae</strong></span> <span class='ocrx_word' id='word_1_305' title='bbox 2480 4338 2811 4400; x_wconf 82' lang='lat' dir='ltr'><strong>fructibus</strong></span> <span class='ocrx_word' id='word_1_306' title='bbox 2853 4347 2919 4400; x_wconf 90' lang='lat' dir='ltr'><strong>et</strong></span> 
     </span>
     <span class='ocr_line' id='line_1_39' title="bbox 530 4437 2921 4517; baseline -0.002 -13"><span class='ocrx_word' id='word_1_307' title='bbox 530 4440 890 4504; x_wconf 89' lang='lat' dir='ltr'><strong>domestica</strong></span> <span class='ocrx_word' id='word_1_308' title='bbox 921 4439 1155 4513; x_wconf 88' lang='lat' dir='ltr'><strong>farina,</strong></span> <span class='ocrx_word' id='word_1_309' title='bbox 1193 4439 1387 4517; x_wconf 86' lang='lat' dir='ltr'><strong>cujus</strong></span> <span class='ocrx_word' id='word_1_310' title='bbox 1416 4459 1594 4501; x_wconf 90' lang='lat' dir='ltr'><strong>nunc</strong></span> <span class='ocrx_word' id='word_1_311' title='bbox 1626 4440 1829 4501; x_wconf 88' lang='lat' dir='ltr'><strong>ferme</strong></span> <span class='ocrx_word' id='word_1_312' title='bbox 1860 4439 2106 4501; x_wconf 89' lang='lat' dir='ltr'><strong>oblitus</strong></span> <span class='ocrx_word' id='word_1_313' title='bbox 2136 4457 2302 4500; x_wconf 89' lang='lat' dir='ltr'><strong>sum.</strong></span> <span class='ocrx_word' id='word_1_314' title='bbox 2397 4437 2716 4500; x_wconf 89' lang='lat' dir='ltr'><strong>Nascitur</strong></span> <span class='ocrx_word' id='word_1_315' title='bbox 2745 4438 2921 4500; x_wconf 90' lang='lat' dir='ltr'><strong>enim</strong></span> 
     </span>
     <span class='ocr_line' id='line_1_40' title="bbox 530 4538 2928 4623; baseline -0.003 -17"><span class='ocrx_word' id='word_1_316' title='bbox 530 4551 970 4623; x_wconf 90' lang='lat' dir='ltr'><strong>spontaneum</strong></span> <span class='ocrx_word' id='word_1_317' title='bbox 1014 4540 1341 4618; x_wconf 80' lang='lat' dir='ltr'><strong>qvoddam</strong></span> <span class='ocrx_word' id='word_1_318' title='bbox 1385 4540 1798 4602; x_wconf 89' lang='lat' dir='ltr'><strong>frumentum</strong></span> <span class='ocrx_word' id='word_1_319' title='bbox 1841 4539 2195 4618; x_wconf 88' lang='lat' dir='ltr'><strong>qvotannis</strong></span> <span class='ocrx_word' id='word_1_320' title='bbox 2240 4538 2500 4617; x_wconf 87' lang='lat' dir='ltr'><strong>copiose</strong></span> <span class='ocrx_word' id='word_1_321' title='bbox 2546 4538 2614 4598; x_wconf 93' lang='lat' dir='ltr'><strong>in</strong></span> <span class='ocrx_word' id='word_1_322' title='bbox 2647 4539 2928 4600; x_wconf 80' lang='lat' dir='ltr'><strong>australi</strong></span> 
     </span>
    </p>
   </div>
  </div>
 </body>
</html>
