3242 5684
491 560 574 634 64
1455 567 1919 624 JSLANDJCA

491 739 806 818 subsidiis
845 739 1198 812 destinata,
1234 739 1685 810 Sueinstader,
1716 739 1941 812 Eidar,
1976 739 2162 800 locus
2190 737 2719 816 juramentorum
2763 758 2885 800 seu

489 839 846 917 judicialis,
883 837 1064 904 Effre
1091 838 1444 916 Sandvijk,
1483 839 1705 900 Nedre
1736 837 2087 915 Sandvijk,
2126 837 2348 900 Basar.
2443 839 2577 900 Hic
2618 839 2888 917 singula

491 939 741 1019 praedia
783 940 1080 1017 singulas
1107 956 1342 1001 vaccas
1383 957 1596 1018 neqve
1628 939 1801 1000 ultra
1845 939 2201 1017 qvotannis
2230 957 2497 1016 pascere
2539 939 2881 1014 dicuntur,

492 1039 793 1118 qvamvis
821 1039 1038 1101 insula
1067 1047 1210 1100 tota
1237 1039 1401 1100 satis
1429 1047 1743 1117 appareat
1762 1038 2157 1115 graminosa.
2248 1038 2563 1116 Virgulta
2580 1039 2887 1117 qvaedam

493 1148 606 1201 aut
649 1139 926 1201 frutices
953 1139 1198 1200 ibidem
1243 1139 1448 1200 fuisse
1503 1137 1795 1200 seniores
1838 1146 2189 1212 testantur,
2226 1157 2404 1200 nunc
2432 1147 2659 1200 autem
2701 1138 2893 1200 nulla

491 1247 648 1301 sunt
707 1239 1074 1301 eorundum
1124 1238 1430 1316 vestigia.
1521 1235 1729 1300 Terra
1785 1247 1859 1299 ut
1915 1237 2296 1316 plurimum,
2330 1245 2655 1316 qvantum
2710 1257 2881 1312 reor,

493 1339 716 1400 focum
767 1339 910 1410 alit,
945 1339 1204 1418 qvoties
1252 1338 1494 1400 desunt
1523 1337 1858 1415 lignorum
1908 1338 2136 1399 oceani
2178 1347 2521 1415 segmenta
2570 1347 2637 1400 et
2666 1339 2879 1400 scobs.

495 1439 783 1502 Unicum
842 1440 968 1500 hoc
995 1438 1088 1499 ibi
1149 1447 1328 1511 noto,
1363 1438 1626 1517 qvando
1682 1437 1917 1499 incolis
1960 1437 2170 1515 glacie
2226 1438 2427 1499 maris
2480 1438 2887 1500 adventante

494 1539 690 1600 turba
717 1539 1081 1618 phocarum
1109 1537 1459 1616 praedatim
1487 1537 1664 1598 cedit
1694 1556 1935 1615 magna
1962 1537 2173 1616 copia,
2203 1546 2365 1599 tunc
2395 1556 2641 1599 novum
2672 1557 2891 1616 genus

495 1656 722 1700 earnm
773 1657 1002 1700 carnes
1029 1637 1306 1699 saliendi
1359 1636 1753 1699 necessitate
1782 1637 2065 1716 qvadam
2114 1637 2327 1699 coacti
2366 1655 2686 1716 usurpare
2735 1639 2903 1716 per-⁹

496 1738 853 1812 hibentur;
901 1737 1137 1799 incolae
1167 1737 1352 1815 algas
1380 1737 1669 1798 marinas
1724 1738 1805 1799 ad
1837 1737 2041 1798 solem
2097 1718 2454 1812 diligenter
2510 1737 2763 1800 siccant
2807 1747 2875 1799 et

497 1845 726 1916 postea
757 1836 1026 1913 ignibus
1069 1837 1384 1898 mandant
1429 1836 1769 1914 subjectis,
1806 1845 1881 1899 ut
1908 1836 2077 1911 dixi,
2113 1836 2449 1914 lignorum
2496 1838 2879 1915 segmentis,

498 1939 640 1998 Isto
689 1937 908 1999 cinere
959 1945 1242 1999 utuntur
1293 1937 1372 1998 ad
1425 1937 1827 1999 condiendas
1876 1955 2107 1999 carnes
2153 1936 2681 2012 diligentissime,
2734 1957 2891 2017 qvae

497 2045 646 2116 post
677 2055 884 2100 unum
915 2046 1031 2100 aut
1061 2037 1266 2099 alium
1296 2036 1403 2098 vel
1433 2037 1635 2098 etiam
1664 2045 1813 2115 post
1844 2053 1881 2113 7
1912 2045 1979 2098 et
2010 2043 2047 2100 8
2100 2055 2309 2098 annos
2336 2036 2537 2098 salem
2586 2037 2879 2116 sapiunt,

498 2156 620 2199 nec
664 2137 867 2199 ullam
911 2137 1328 2216 putredinem
1373 2145 1488 2198 aut
1533 2136 2024 2215 corruptionem
2068 2144 2258 2198 tanto
2299 2137 2613 2216 temporis
2668 2138 2888 2215 spatio

497 2237 815 2312 sentiunt,
868 2240 995 2299 hoc
1037 2247 1257 2299 tamen
1301 2237 1671 2310 observato,
1722 2255 1805 2297 ne
1848 2235 2021 2298 a‘e'ris
2062 2236 2309 2314 inJuria
2350 2248 2882 2316 corrumpantur,

499 2356 692 2416 qvem
720 2338 902 2400 istud
932 2356 1142 2415 genus
1184 2336 1341 2398 salis
1384 2337 1555 2398 ferre
1600 2344 1877 2399 recusat.
1972 2336 2263 2398 Rettulit
2307 2337 2572 2415 qvidam
2616 2337 2890 2401 minime

499 2438 1022 2499 contemnendus
1077 2438 1190 2498 sed
1222 2437 1350 2498 fide
1407 2437 1655 2514 dignus
1684 2436 1901 2498 incola
1958 2435 2227 2497 herbam
2258 2437 2588 2515 qvandam
2618 2437 2729 2499 hic
2757 2439 2886 2499 loci

501 2555 808 2610 crescere,
837 2537 1214 2610 brassicam,
1249 2536 1599 2615 kaalgrese,
1629 2536 1962 2614 appellant
2006 2536 2271 2597 nomine
2319 2536 2697 2616 improprio,
2733 2556 2889 2598 nam

496 2617 768 2715 prorsus
793 2636 1134 2697 dissimilis
1175 2645 1274 2697 est
1304 2655 1482 2697 verae
1523 2635 1857 2709 brassicae,
1894 2635 2181 2697 radicem
2228 2636 2478 2697 habens
2522 2637 2707 2715 qvasi
2755 2638 2884 2698 for·

503 2754 679 2796 mam
707 2734 926 2812 digiti,
956 2736 1132 2796 unde
1161 2736 1530 2813 complures
1547 2735 1946 2797 exoriuntur
1974 2735 2195 2798 caules
2213 2744 2445 2797 tenues
2468 2754 2601 2798 uno
2623 2744 2889 2798 tantum

502 2836 769 2909 nodulo,
806 2835 1080 2914 qvilibet
1131 2835 1414 2912 insignis
1461 2835 1695 2897 calami
1746 2835 2203 2909 crassitudine,
2240 2836 2587 2912 muscarijs
2624 2838 2887 2914 grandi-

501 2935 730 2997 oribus
757 2935 1131 3014 conspicua,
1168 2936 1518 3009 odorifera,
1556 2943 1692 2996 tam
1724 2935 1917 2996 radix
1968 2954 2163 3013 qvam
2194 2935 2403 2997 caulis
2450 2945 2517 2997 et
2549 2936 2709 2998 folia
2760 2938 2890 2998 mel

502 3036 829 3114 qvoddam
859 3035 1148 3114 sapiunt,
1186 3036 1537 3098 accedente
1581 3036 1737 3110 gelu
1765 3035 2091 3113 imprimis
2129 3035 2540 3097 dulcescunt.
2634 3037 2889 3099 Crescit

397 3193 402 3199 .
500 3135 704 3196 herba
733 3137 814 3197 de
845 3145 1020 3198 terra
1049 3136 1118 3196 in
1149 3145 1330 3197 certo
1359 3135 1641 3215 qvodam
1670 3135 1943 3213 scopulo
1970 3143 2037 3196 et
2066 3135 2306 3196 vicinis
2335 3135 2623 3196 maxime
2667 3136 2893 3197 saxeis

499 3245 690 3315 atqve
746 3235 1098 3298 salebrocis
1153 3236 1334 3309 locis,
1372 3243 1509 3296 tam
1566 3236 1801 3297 bruma
1859 3253 2053 3313 qvam
2114 3243 2353 3296 aestate
2396 3234 2657 3309 florenS,
2694 3235 2801 3313 cuj
2812 3255 2895 3298 us

498 3335 734 3410 virtuS,
769 3335 1358 3414 qvantumqvidem
1417 3333 1655 3396 incolis
1710 3343 1992 3408 constat,
2030 3335 2436 3396 nobilissima
2494 3344 2593 3397 est
2652 3353 2891 3415 aqvam

498 3435 915 3510 intercutem,
953 3455 1102 3514 qvae
1145 3435 1530 3513 plerumqve
1575 3433 1667 3495 ibi
1713 3443 2073 3512 grassatur,
2110 3435 2413 3496 absolute
2456 3453 2708 3509 sanare,
2746 3436 2890 3497 sive

499 3535 676 3597 enim
706 3535 978 3596 crudam
1021 3535 1162 3597 sive
1191 3554 1344 3597 cum
1387 3554 1556 3613 aqva
1585 3543 1842 3596 coctam
1886 3535 1992 3596 vel
2036 3535 2237 3595 etiam
2282 3535 2538 3596 caulem
2580 3534 2729 3611 ejus
2773 3544 2890 3598 aut

500 3634 789 3696 radicem
847 3653 1022 3711 aeger
1079 3634 1504 3696 commederit
1561 3633 1881 3712 qvotidie,
1917 3634 2094 3695 intra
2152 3635 2545 3713 septimanae
2594 3636 2889 3714 spatium

507 3733 866 3812 (siqvidem
895 3731 1046 3810 alijs
1075 3733 1319 3794 morbis
1350 3752 1482 3794 non
1514 3733 1600 3794 sit
1620 3733 1991 3811 obnoxius)
2054 3742 2232 3795 recte
2278 3735 2622 3796 curabitur
2650 3757 2666 3810 3
2711 3737 2889 3814 qvod

499 3834 557 3896 si
586 3833 863 3894 eandem
891 3832 1083 3894 edere
1113 3840 1408 3907 nauseat,
1435 3833 1735 3911 apposita
1765 3833 2136 3895 tumoribus
2158 3834 2449 3913 corporis
2478 3843 2594 3896 aut
2616 3835 2893 3913 alligata

503 3953 690 4012 aeqve
717 3940 929 4006 sanat,
965 3932 1106 3994 sive
1135 3932 1340 3994 cruda
1367 3932 1457 3992 sit
1479 3932 1621 3993 sive
1652 3941 1837 3995 cocta
1862 3933 2087 3995 herba.
2180 3933 2397 3996 Citius
2418 3953 2577 3996 vero
2600 3943 2893 3996 comesta

498 4033 806 4112 prodesse
862 4032 1148 4106 videtur,
1185 4050 1384 4110 qvare
1440 4031 1789 4110 aliqvoties
1816 4033 1900 4094 ob
1958 4052 2125 4095 escae
2152 4033 2497 4112 penuriam
2526 4051 2678 4096 cum
2720 4035 2893 4097 lacte

501 4133 852 4210 coagulato
873 4141 936 4193 et
957 4131 1316 4211 pulmentis
1339 4131 1665 4193 minutata
1683 4141 2045 4195 vescuntur
2062 4132 2319 4208 incolae,
2347 4133 2543 4208 unde,
2568 4143 2893 4212 qvantum

503 4234 774 4314 qvisqve
805 4241 1043 4311 potest,
1081 4240 1373 4309 tempore
1403 4232 1772 4292 autumnali
1802 4233 1909 4294 vel
1940 4232 2139 4293 etiam
2170 4232 2239 4292 in
2289 4233 2431 4311 ipsa
2460 4233 2694 4295 bruma
2738 4253 2890 4296 con-

502 4334 776 4413 qvirunt
804 4331 929 4393 sibi
961 4340 1156 4409 atqve
1187 4341 1597 4405 coacervant,
1636 4350 1756 4392 nec
1786 4331 1913 4392 nisi
1943 4331 2012 4392 in
2043 4332 2291 4410 liqvida
2321 4341 2633 4412 coqvunt,
2668 4333 2893 4410 juscu-

505 4435 642 4495 lum
701 4432 770 4494 in
801 4439 966 4510 potu
1020 4431 1395 4510 propinant.
1490 4431 1642 4493 Hoc
1670 4430 2033 4493 domestico
2090 4431 2521 4494 medicamine
2562 4433 2779 4494 insula
2836 4435 2893 4496 si

501 4533 993 4605 destitueretur,
1059 4530 1514 4592 inhabitabilis
1571 4532 1767 4610 plane
1826 4531 2055 4592 futura
2112 4531 2507 4610 qvibusdam
2558 4542 2887 4596 censetur.
