3242 5684
519 607 595 666 72
1480 598 1944 654 JSLANDJCA

518 773 775 833 Harum
798 772 1146 850 plaeraeqve
1178 788 1409 849 puram
1434 770 1680 831 habent
1702 787 1956 849 aqvam,
1995 787 2226 848 parum
2247 769 2601 831 odoriferae
2619 779 2686 830 et
2707 769 2906 846 frige-

520 871 717 932 factae
749 870 865 931 vix
909 869 1088 931 aliud
1119 889 1313 948 qvam
1358 888 1774 931 communem
1805 887 2040 948 aqvam
2081 869 2372 949 sapiunt,
2410 869 2594 930 nullo
2638 869 2910 946 negotio

516 971 795 1032 lavacris
822 969 1272 1032 saluberrimis
1302 978 1778 1047 attemperatae.
1873 969 2044 1030 Aliae
2074 978 2228 1031 sunt
2259 970 2538 1031 thermae
2567 969 2905 1031 immodici

516 1081 711 1149 atqve
742 1069 1169 1132 intensissimi
1202 1069 1457 1140 caloris,
1494 1089 1644 1148 qvae
1673 1071 1776 1130 vel
1807 1077 2126 1148 perpetuo
2156 1072 2259 1131 vel
2289 1070 2484 1130 statis
2513 1069 2908 1148 qvibusdam

517 1171 697 1231 horis
721 1171 1043 1231 violenter
1072 1169 1419 1242 ebulliunt,
1450 1177 1786 1242 evomunt,
1823 1177 2150 1247 expuunt,
2181 1170 2338 1247 qvin
2370 1178 2435 1231 et
2454 1189 2606 1230 cum
2630 1169 2910 1246 fragori-

516 1271 642 1332 bus
698 1270 943 1349 saepius
985 1289 1125 1331 sese
1182 1277 1571 1342 exonerant,
1625 1269 1925 1348 qvaedam
1985 1287 2192 1347 nsqve
2237 1270 2318 1330 ad
2378 1269 2791 1342 miraculum,
2829 1277 2908 1330 ut

516 1381 688 1432 terra
746 1371 1251 1448 circumqvaqve
1310 1369 1738 1430 concussione
1797 1369 2040 1430 sentiat
2101 1377 2414 1449 tanqvam
2459 1370 2527 1429 in
2589 1369 2906 1430 mediocri

518 1478 923 1542 terraemotu,
961 1478 1027 1530 et
1058 1489 1245 1548 aqvae
1278 1469 1346 1528 in
1378 1468 1529 1530 aere
1560 1471 1734 1530 ultra
1774 1488 1849 1529 ac
1881 1477 2064 1529 trans
2111 1486 2350 1548 eqvum
2381 1488 2532 1530 cum
2583 1470 2908 1530 insessore

518 1569 687 1632 fonti
714 1577 1039 1630 astantem
1069 1570 1264 1646 longe
1288 1570 1546 1646 lateqve
1575 1569 2022 1630 discutiantur
2043 1579 2108 1630 et
2137 1569 2623 1648 dispergantur,
2655 1569 2912 1631 intacto

520 1670 785 1730 homine
816 1677 880 1730 et
914 1688 1099 1748 eqm,
1137 1667 1247 1747 qvi
1281 1687 1362 1729 ne
1394 1669 1728 1746 guttulam
1771 1668 2036 1746 qvidem
2067 1668 2212 1745 ejus
2255 1669 2480 1730 sentit.
2575 1672 2912 1731 Putantur

517 1770 781 1848 qvidam
812 1768 1089 1830 istorum
1114 1768 1400 1830 fontium
1422 1769 1501 1828 ad
1530 1775 1566 1830 8
1592 1769 1782 1830 ulnas
1804 1777 1870 1830 et
1895 1768 2070 1829 ultra
2093 1769 2312 1830 aetem
2335 1770 2688 1848 expuendo
2711 1788 2908 1847 pene-

519 1879 692 1931 trare
721 1893 734 1943 ;
783 1877 977 1947 atqve
1008 1869 1448 1930 communiter
1466 1887 1694 1929 omnes
1714 1869 1862 1930 istae
1883 1887 2072 1947 aqvae
2089 1877 2245 1930 sunt
2267 1869 2684 1942 turbidiores‚
2711 1871 2908 1947 plane

517 1969 859 2048 sulphurei
890 1969 1142 2048 saporis
1172 1976 1287 2030 aut
1332 1969 1501 2028 alius
1530 1967 1876 2045 cujusdam
1923 1969 2276 2042 mineralis,
2314 1970 2463 2030 aliae
2491 1987 2720 2031 rursus
2763 1978 2906 2031 tan-

520 2080 661 2130 tum
722 2069 985 2147 tepidae,
1024 2088 1191 2146 qvae‚
1230 2068 1403 2145 qvod
1464 2068 1705 2128 mirum
1736 2077 1858 2140 est,
1898 2069 2229 2142 hybernis·
2274 2068 2635 2145 frigoribus
2691 2070 2907 2130 solent

518 2179 851 2248 utcunqve
910 2169 1376 2240 concalescere,
1441 2167 1710 2228 minime
1769 2187 1925 2228 vero
1983 2168 2378 2244 refrigerari.
2475 2170 2616 2230 Nec
2689 2170 2910 2230 minus

519 2271 761 2331 mirum
790 2280 889 2330 est
921 2277 987 2330 et
1018 2268 1477 2329 observatione
1506 2268 1992 2343 dignissimum,
2031 2270 2201 2346 qvod
2243 2269 2416 2329 circa
2447 2270 2739 2330 thermas
2789 2271 2910 2330 im-

513 2369 900 2448 pensissime
958 2367 1353 2428 efferventes
1410 2367 1825 2444 frigidissimi
1896 2367 2114 2428 fontes
2171 2376 2237 2428 et
2296 2369 2492 2429 rivuli
2567 2370 2772 2446 vulgo
2831 2379 2907 2431 ut

518 2469 877 2547 plurimum
907 2476 1299 2528 enascantur
1324 2491 1337 2541 ;
1386 2467 1541 2545 qvin
1602 2467 1734 2527 imo
1765 2468 2019 2528 nullum
2052 2468 2207 2528 novi
2238 2469 2644 2530 thermarum
2687 2471 2910 2531 locum

516 2586 633 2646 per
662 2577 871 2628 totam
901 2567 1204 2638 insulam,
1242 2567 1351 2644 qvi
1383 2585 1514 2626 non
1546 2567 1748 2626 etiam
1782 2567 2024 2644 frigida
2070 2567 2354 2628 ubertim
2399 2577 2647 2629 scateat
2708 2569 2908 2629 fonti-

517 2667 641 2728 bus
671 2665 1133 2726 diversissimis
1163 2666 1335 2727 inter
1363 2684 1432 2726 se
1475 2665 1880 2727 distantibus
1908 2667 2261 2744 aliqvando
2305 2669 2386 2727 ad
2445 2686 2710 2747 passum
2761 2670 2906 2730 uni-

518 2785 669 2828 cum
700 2767 804 2826 vel
836 2765 1075 2837 minuS,
1112 2764 1375 2842 qvidam
1401 2772 1664 2825 tantum
1693 2766 1858 2844 pede
1892 2785 2024 2826 uno
2054 2776 2168 2828 aut
2200 2768 2408 2828 altero
2457 2767 2911 2844 sejunguntur

518 2876 634 2928 aut
691 2867 1133 2944 disparantur,
1172 2873 1483 2943 tanqvam
1541 2885 1629 2925 ex
1659 2866 1938 2926 diversis
1996 2866 2182 2927 venis
2225 2868 2424 2928 unius
2481 2868 2907 2946 ejusdemqve

518 2967 752 3045 capitis
801 2965 1148 3039 distillent,
1189 2966 1361 3025 unde
1413 2965 1583 3026 ratio
1614 2965 1830 3026 facilis
1875 2967 1955 3026 ad
1988 2967 2393 3027 conficienda
2443 2969 2703 3029 lavacra
2743 2978 2906 3030 tem-

518 3066 931 3146 peratissima
979 3073 1164 3144 patet
1226 3065 1567 3126 fabricatis
1618 3083 1932 3143 aqvarum
1975 3066 2288 3127 ductibus
2333 3067 2762 3140 diversarum,
2803 3069 2910 3130 vel

518 3187 605 3228 ex
639 3168 790 3229 vivo
820 3166 1037 3244 lapide
1068 3165 1173 3226 vel
1203 3165 1449 3243 cespite
1479 3173 1544 3226 et
1589 3183 1798 3238 coen0‚
1837 3166 2274 3242 longiusculis
2302 3175 2497 3246 atqve
2542 3168 2908 3247 adaeqvatis

518 3268 586 3328 in
619 3277 793 3328 terra
823 3267 929 3328 vel
958 3266 1081 3327 sub
1111 3266 1339 3326 eadem
1370 3265 1612 3326 alicubi
1646 3266 1727 3324 ad
1759 3266 1975 3326 locum
2007 3265 2223 3343 ipsum
2273 3267 2541 3340 lavacri,
2576 3269 2746 3345 qvod
2801 3270 2907 3330 vel

515 3368 732 3445 ipsum
764 3366 1067 3426 manibus
1098 3365 1440 3425 hominum
1470 3364 1804 3426 exscisum
1835 3365 1902 3424 in
1935 3366 2152 3443 lapide
2191 3376 2305 3426 aut
2337 3367 2520 3427 saxis
2570 3376 2904 3430 construc-

518 3476 661 3529 tum
693 3476 807 3526 aut
839 3466 967 3526 alio
996 3466 1228 3544 qvovis
1252 3466 1445 3527 modo
1468 3465 1535 3525 in
1561 3473 1736 3526 terra
1768 3465 2037 3541 globosa
2060 3464 2305 3527 affabre
2336 3466 2588 3527 factum
2639 3468 2906 3530 demon-

519 3565 713 3626 strari
772 3572 989 3642 potest
1048 3564 1312 3641 passim,
1351 3574 1423 3624 ut
1478 3564 1962 3642 qvantumlibet
1993 3564 2312 3626 caldiores
2369 3567 2472 3626 vel
2530 3567 2910 3643 frigidiores

518 3684 705 3742 aqvae
734 3681 851 3741 per
880 3663 1139 3723 canales
1170 3662 1331 3723 istos
1361 3663 1615 3724 utiliter
1643 3664 2056 3725 infundatur.
2151 3667 2230 3724 In
2275 3665 2534 3742 delicijs
2577 3668 2910 3729 habentur

518 3763 692 3842 apud
738 3781 857 3822 nos
886 3760 1031 3837 ejus
1075 3762 1250 3822 modi
1282 3763 1564 3835 lavacra,
1601 3771 1665 3824 et
1709 3763 1992 3841 plurima
2021 3772 2259 3825 extant
2305 3765 2372 3824 in
2404 3767 2674 3826 australi
2719 3776 2908 3846 parte

517 3862 847 3935 Islandiae,
886 3861 954 3921 in
1014 3861 1407 3922 occidentali
1441 3881 1515 3922 ac
1575 3863 1817 3923 boreali
1851 3863 2118 3936 rariora,
2157 3873 2224 3925 at
2284 3865 2352 3924 in
2383 3864 2655 3927 orientis
2711 3868 2908 3945 plaga

517 3965 711 4043 plane
771 3962 972 4034 nulla,
1011 3968 1280 4039 propter
1337 3962 1523 4022 sedes
1580 3962 1830 4040 alpium
1888 3972 2070 4041 puto,
2109 3964 2220 4042 qvi
2280 3964 2416 4025 illic
2445 3967 2781 4044 praecipue
2839 3978 2908 4030 et

517 4064 811 4125 maximo
839 4081 1135 4135 numere,
1172 4061 1344 4122 sicut
1376 4069 1569 4122 antea
1601 4063 1882 4123 relatum
1917 4073 2037 4136 est,
2074 4064 2636 4126 demonstrantur.
2730 4070 2907 4129 Prae-

518 4175 695 4226 terea
751 4171 907 4224 sunt
966 4163 1185 4224 fontes
1244 4181 1318 4222 ac
1389 4163 1640 4240 puteoli
1699 4162 2126 4223 saluberrima
2199 4172 2528 4225 scatentes
2585 4185 2751 4244 aqva
2823 4170 2906 4229 ad

518 4264 851 4342 potionem
910 4262 1117 4324 veluti
1150 4272 1326 4335 nata,
1365 4282 1513 4341 qvae
1572 4263 1755 4323 nulla
1787 4263 1851 4324 vi
1911 4263 2180 4340 frigoris
2210 4264 2567 4338 laeduntur,
2605 4267 2718 4326 sed
2763 4286 2904 4345 per-

515 4372 716 4442 petuo
773 4363 897 4424 sub
928 4371 1082 4440 apto
1141 4362 1306 4424 coelo
1337 4371 1493 4424 sunt
1553 4371 1821 4440 apertae,
1859 4362 2058 4424 etiam
2089 4363 2146 4423 si
2179 4364 2328 4441 gelu
2375 4364 2625 4443 reliqva
2654 4367 2900 4441 omnia,

521 4473 729 4524 terras
784 4462 1001 4535 simul,
1041 4481 1241 4541 aqvas
1298 4471 1364 4522 et
1395 4462 1601 4523 maria
1659 4471 1959 4541 penetret
1991 4473 2055 4524 et
2115 4464 2554 4542 qvantitatem
2586 4465 2821 4543 glaciei
2869 4487 2906 4546 5

518 4571 633 4624 aut
665 4566 703 4622 6
732 4561 1037 4622 ulnarum
1068 4562 1270 4622 altam
1294 4560 1532 4623 efficiat
1560 4585 1575 4635 ;
1623 4563 1923 4641 qvodqve
1954 4564 2164 4639 magis
2205 4572 2305 4625 est
2358 4564 2617 4640 mirum,
2654 4569 2906 4643 puteoli
