3242 5684
1140 607 1262 660 DE
1294 607 1759 660 MJRABILJB
1767 608 1864 660 css
2620 612 2696 673 77

308 786 485 840 terea
516 778 787 856 ingenio
815 778 1398 857 praestantissimos
1428 787 1626 858 atqve
1655 778 1737 839 ad
1769 797 1997 840 omnes
2027 779 2162 840 fere
2186 788 2361 840 artes
2383 788 2520 839 tam
2544 777 2698 839 libe-

308 880 476 940 rales
534 897 731 957 qvam
760 878 1092 957 operarias
1151 877 1579 952 habilissimo,
1616 878 1789 957 qvod
1853 896 2002 939 vere
2042 879 2389 940 annotavit
2448 879 2515 938 in
2563 872 2702 940 suis

310 979 641 1039 chronicis
698 978 1057 1039 historicus
1086 977 1620 1056 incomparabilis
1676 986 1920 1056 praeter
1962 979 2146 1052 alios,
2183 980 2386 1052 Saxo,
2423 986 2490 1040 et
2549 986 2697 1056 post

310 1079 496 1139 illum
527 1079 742 1152 multi,
781 1078 1020 1158 qvibus
1038 1078 1164 1139 hoc
1188 1079 1453 1139 axioma
1486 1078 1612 1140 fuit
1653 1097 2002 1139 commune
2040 1079 2414 1139 Rudz‘tatem
2447 1097 2698 1137 morum

310 1179 567 1257 ingenij
645 1179 1023 1239 dexteritate
1103 1177 1390 1238 Islandos
1473 1183 1892 1256 compensare.
2028 1179 2133 1239 Ne
2218 1197 2374 1240 vero
2459 1196 2699 1238 vanam

315 1279 589 1355 gloriam
620 1278 855 1356 patriae
886 1286 1131 1338 nostrae
1160 1277 1270 1338 hic
1301 1277 1644 1339 venditare
1689 1278 1936 1351 videar,
1973 1279 2115 1356 ipsa
2144 1297 2402 1340 mecum
2445 1285 2698 1338 contes-

310 1395 538 1448 tantur
582 1395 1009 1447 monumenta
1071 1386 1397 1446 factorum
1444 1387 1862 1448 heroicorum
1895 1406 2015 1447 nec
2061 1405 2191 1448 non
2223 1386 2492 1464 ingenia
2535 1403 2698 1464 prae-
2734 1379 2740 1385 ’

310 1486 775 1548 cellentissima
805 1486 1223 1558 nostratium,
1262 1505 1409 1566 qvae
1441 1487 1664 1564 plures
1715 1486 2096 1548 Academiae
2125 1487 2195 1546 in
2257 1486 2491 1558 Dania,
2530 1487 2699 1546 Nor·

312 1587 523 1664 vegia,
563 1585 941 1658 Germania,
980 1585 1323 1647 Britannia
1376 1587 1498 1648 &c.
1534 1586 1840 1648 viderant
1893 1606 2024 1648 non
2076 1587 2318 1664 absqve
2357 1586 2694 1656 miracu10,

312 1707 459 1767 qvae
515 1687 736 1748 omnia
795 1705 947 1747 cum
1007 1705 1185 1747 nunc
1216 1685 1566 1764 plaerisqve
1625 1686 1758 1746 sint
1812 1686 2195 1760 notissimae,
2235 1687 2345 1747 hic
2405 1706 2536 1747 non
2589 1705 2701 1746 ero

314 1787 656 1866 prolixior,
694 1787 805 1846 sed
860 1786 940 1846 ad
972 1785 1337 1862 singularia
1390 1786 1694 1864 qvaedam
1723 1786 2177 1864 perlustranda
2229 1787 2702 1864 digressionem

310 1888 568 1960 faciam,
619 1885 941 1965 siqvidem
999 1885 1135 1946 illic
1193 1885 1576 1946 admiranda
1636 1905 1893 1965 qvoqve
1950 1903 2291 1947 occurrere
2349 1886 2608 1947 confido
2665 1905 2702 1945 a

316 1985 681 2063 manuarijs
736 1986 876 2047 sive
936 1985 1339 2046 mechanicis
1394 1984 1589 2046 initio
1649 1986 1846 2046 fact0.
1940 1986 2264 2063 Vulgaria
2320 1994 2475 2047 sunt
2505 2004 2703 2064 opera

312 2086 801 2148 foeniseciorum
854 2085 1089 2146 aestivo
1141 2094 1435 2163 tempore
1485 2094 1550 2147 et
1598 2086 2026 2162 remigiorum
2057 2087 2354 2161 hyberno
2384 2086 2694 2158 maxime,

314 2188 425 2248 sed
459 2205 575 2265 pro
606 2186 993 2247 diversitate
1025 2186 1341 2259 locorum,
1380 2205 1529 2264 qvae
1561 2195 1781 2246 tamen
1813 2205 1850 2245 a
1880 2186 2272 2264 qvibusdam
2314 2185 2704 2246 mirabiliter

313 2286 880 2358 administrantur,
918 2285 1073 2364 qvia
1130 2286 1376 2346 dantur
1403 2286 1604 2346 etiam
1664 2286 1878 2360 hodie,
1917 2286 2028 2365 qvi
2088 2305 2219 2346 uno
2274 2285 2382 2346 die
2439 2293 2700 2345 tantum

316 2387 476 2448 foeni
508 2387 837 2459 desecant,
876 2394 1199 2464 qvantum
1230 2394 1365 2446 tres
1394 2385 1506 2446 alii
1539 2386 1958 2448 mediocriter
1986 2405 2244 2465 qvoqve
2273 2405 2342 2447 se
2385 2386 2705 2447 habentes

317 2505 510 2565 opere
554 2504 677 2547 suo
718 2495 996 2563 possunt
1041 2485 1450 2559 exscindere,
1488 2485 1662 2564 qvod
1707 2486 1854 2547 ideo
1897 2487 1967 2546 in
2012 2486 2328 2547 miraculo
2371 2495 2490 2559 est,
2528 2485 2700 2564 qvod

315 2587 730 2648 continenter
773 2586 838 2646 id
872 2585 1121 2647 faciant
1166 2586 1465 2647 laborum
1494 2586 1985 2664 patientissimi.
2080 2589 2184 2647 Ita
2223 2587 2396 2647 inter
2426 2587 2706 2664 remiges

314 2695 469 2748 sunt
500 2685 639 2762 alij,
669 2686 779 2765 qvi
810 2704 931 2746 sua
961 2685 1261 2762 agilitate
1292 2687 1461 2746 duos
1490 2694 1605 2747 aut
1635 2687 1858 2765 plures
1880 2687 2092 2748 socios
2120 2687 2316 2748 simul
2338 2687 2706 2764 defatigare

314 2787 548 2860 solent,
584 2787 781 2865 idqve
812 2785 1075 2863 saepius.
1168 2782 1345 2847 Tum
1376 2785 1486 2863 alij
1522 2786 1673 2863 alijs
1703 2787 1933 2848 usibus
1962 2787 2343 2848 domesticis
2383 2786 2704 2863 singulari

317 2887 659 2948 faelicitate
716 2901 859 2964 prae
916 2886 1175 2947 caeteris
1233 2886 1673 2947 communiter
1729 2887 2045 2948 serviunt.
2141 2889 2490 2964 Oporteret
2529 2887 2705 2946 enim

316 2989 563 3049 bonum
613 2995 864 3064 patrem
894 2985 1181 3046 familias
1222 3005 1452 3047 omnes
1482 2986 1619 3047 fere
1649 2995 1824 3047 artes
1853 2987 2228 3047 manuarias
2256 2986 2510 3047 callere.
2608 2988 2704 3047 De

316 3087 619 3149 ruricolis
675 3087 802 3146 hoc
858 3086 1027 3159 dico,
1065 3087 1178 3165 qui
1238 3086 1772 3159 architecturam,
1811 3087 2060 3146 ferrum
2115 3087 2403 3160 domare,
2441 3086 2706 3146 metalla

316 3188 617 3266 qvaedam
643 3185 1078 3248 usitatissima
1102 3186 1358 3246 utiliter
1389 3185 1729 3260 fabricare,
1758 3186 2198 3247 instrumenta
2227 3185 2514 3262 tignaria
2539 3204 2702 3264 prae-

316 3305 568 3367 parare,
620 3285 969 3359 lanienam,
1022 3293 1458 3346 mercaturam
1503 3295 1568 3347 et
1614 3287 1960 3346 innumera
2005 3286 2132 3346 alia
2175 3287 2357 3346 solus
2399 3304 2706 3346 exercere

318 3405 581 3450 necesse
614 3386 829 3458 habet,
866 3404 1146 3464 qvorum
1176 3384 1440 3462 singula
1470 3385 1792 3462 singulari
1815 3385 2217 3446 dexteritate
2248 3405 2286 3444 a
2315 3385 2705 3464 qvibusdam

317 3486 885 3548 administrantur.
980 3485 1269 3546 Piscium
1315 3498 1588 3563 captura
1633 3505 1785 3546 vere
1830 3485 2235 3546 admirabilis
2277 3496 2394 3556 est,
2445 3486 2709 3564 qvando

318 3589 605 3666 piscator
634 3605 765 3647 non
796 3587 1009 3647 solum
1042 3585 1337 3646 reticulis
1367 3585 1507 3646 suis
1538 3585 1773 3658 utitur,
1813 3586 1984 3664 qvod
2017 3585 2291 3662 vulgare
2331 3593 2428 3646 est
2460 3586 2529 3645 in
2561 3605 2704 3664 pro-

317 3687 699 3759 fluentibu3‚
736 3685 849 3746 sed
901 3686 1099 3747 etiam
1133 3687 1395 3764 qvando
1447 3686 1716 3746 hamum
1748 3704 1944 3746 suum
1975 3686 2043 3746 in
2074 3686 2480 3764 profundum
2511 3686 2710 3748 maris

318 3807 497 3850 coeca
548 3785 734 3866 qvasi
766 3794 939 3847 sorte
990 3785 1323 3862 immergit
1355 3786 1435 3846 ad
1485 3803 1565 3862 50
1594 3787 1744 3863 plus
1775 3785 1996 3847 minus
2025 3805 2258 3864 passus
2287 3795 2352 3848 et
2382 3787 2535 3847 inde
2563 3806 2705 3847 sen-

318 3888 442 3948 sim
486 3886 839 3966 pisciculos
866 3885 1185 3959 extrahit,
1222 3885 1432 3946 donec
1476 3886 1853 3946 naviculam
1898 3887 2243 3964 compleat.
2339 3886 2525 3947 Alias
2569 3888 2707 3965 qvi-

318 3989 467 4049 dem
517 3990 630 4048 sed
661 4004 811 4045 raro
860 4003 975 4062 spe
1006 4003 1124 4045 sua
1178 3985 1539 4047 frustratur
1568 3994 1633 4046 et
1683 3985 1787 4046 vel
1819 3986 1987 4046 nihil
2041 3986 2144 4046 vel
2175 4005 2407 4063 parum
2438 3987 2709 4046 domum

320 4094 560 4166 portat.
653 4084 843 4145 Alias
902 4087 1040 4146 Deo
1070 4085 1429 4146 liberaliter
1485 4085 1912 4147 benedicente
1955 4086 2119 4146 adeo
2176 4085 2566 4146 miraculosa
2610 4094 2708 4146 est

320 4187 601 4266 piscium
653 4185 843 4264 copia
888 4185 957 4245 in
1010 4186 1144 4246 alto
1193 4184 1392 4246 maris
1436 4186 1634 4246 simul
1682 4194 1879 4263 atqve
1926 4185 2006 4244 ad
2050 4184 2303 4263 qvaevis
2349 4184 2595 4259 littora,
2634 4193 2708 4246 ut

321 4288 520 4348 etiam
578 4284 927 4360 remigium
985 4284 1301 4363 impediat
1372 4285 1806 4362 cohibeatqve
1889 4303 1966 4344 ac
2051 4283 2192 4344 sine
2251 4284 2711 4347 instrumentis

321 4387 625 4448 manibus
682 4385 1076 4446 contrectari
1108 4403 1185 4446 ac
1242 4385 1309 4444 in
1342 4384 1683 4446 naviculas
1740 4384 2125 4445 cumulatim
2158 4383 2369 4460 ingeri
2428 4385 2703 4462 possint,

318 4487 527 4566 qvalis
558 4487 684 4547 hoc
714 4503 888 4545 anno
917 4484 1252 4563 praecipue
1283 4485 1511 4546 multis
1541 4485 1608 4544 in
1640 4483 1802 4544 locis
1831 4483 2197 4560 largissime
2228 4484 2556 4562 apparuit.
2626 4487 2706 4545 In

321 4587 576 4664 stagnis
633 4603 810 4658 ver0,
848 4583 1144 4658 lacubuS,
1183 4583 1409 4660 fluvijs
1466 4604 1542 4645 ac
1572 4584 1858 4662 puteolis
1917 4583 2066 4661 alijs
2111 4604 2366 4662 qvoqve
2427 4593 2710 4646 utuntur
