3242 5684
1191 661 1309 714 DE
1343 660 1712 714 MIRABIL
1720 662 1809 714 [Β
1818 662 1914 714 (JS
2666 667 2743 726 73

357 834 519 894 tales
563 833 644 893 ad
678 833 986 894 aestivum
1029 833 1187 894 solis
1216 834 1498 894 calorem
1528 833 1933 894 excellenter
1976 833 2223 909 algent,
2263 833 2543 894 brumali
2588 852 2743 894 vero

358 942 650 1012 tempore
707 951 902 1012 qvam
961 951 1150 1012 aqvae
1207 933 1478 1010 reliqvae
1534 917 1893 1010 utc‘umqve
1953 940 2178 1010 tepent
2237 933 2469 1009 magis.
2562 934 2735 994 Sunt

355 1033 552 1094 etiam
601 1033 841 1107 fonteS,
881 1033 990 1112 qvi
1043 1033 1357 1093 saeviente
1389 1032 1562 1110 gelu,
1601 1031 1866 1093 nivibus
1914 1039 1981 1092 et
2014 1031 2223 1108 glacie
2278 1031 2446 1093 fiunt
2478 1033 2741 1110 qvidem

356 1132 653 1206 obnoxii,
689 1133 804 1193 sed
834 1133 1096 1211 qvando
1127 1132 1341 1208 frigus
1370 1133 1448 1192 ad
1485 1133 1615 1192 huc
1644 1131 2011 1193 intenditur
2039 1150 2311 1205 summe,
2351 1133 2415 1193 vi
2461 1134 2741 1210 qvadam

356 1233 642 1294 naturali
702 1241 1083 1311 erumpunt.
1177 1231 1314 1308 Alij
1377 1241 1608 1292 contra
1638 1232 1703 1290 vi
1766 1231 2035 1308 frigoris
2060 1231 2224 1292 adeo
2256 1231 2644 1294 coercentur
2674 1241 2739 1294 et

235 1404 244 1410 ⁰
357 1340 782 1406 evacuantur,
821 1340 896 1392 ut
941 1351 1022 1393 ne
1068 1332 1336 1409 guttula
1379 1332 1682 1409 qvaedam
1726 1331 2033 1409 supersit.
2128 1334 2455 1393 Praeterea
2496 1332 2741 1394 dantur

355 1451 609 1510 qvoqve
669 1432 887 1493 fontes
917 1431 1082 1508 varij
1131 1439 1274 1492 tum
1333 1431 1570 1492 coloris
1599 1439 1743 1491 tum
1800 1431 2070 1508 sapori5‚
2108 1441 2173 1492 et
2232 1430 2496 1509 qvidam
2541 1433 2739 1510 aliqvi

354 1532 715 1592 dulcamari
747 1541 861 1593 aut
894 1532 1174 1611 qvodam
1206 1532 1400 1593 modo
1431 1531 1623 1604 acidi,
1660 1550 1823 1609 qvos
1850 1530 1906 1590 si
1950 1532 2287 1609 extemplo
2314 1550 2403 1592 ex
2448 1533 2744 1594 fontibus

356 1633 630 1692 haustos
658 1631 909 1708 largius
937 1631 1120 1693 bibat
1143 1631 1378 1703 viator,
1411 1630 1805 1706 vertiginem
1827 1631 2011 1708 qvasi
2042 1631 2449 1692 ebriosorum
2472 1633 2735 1706 sentiat,

355 1749 616 1792 necesse
672 1740 792 1804 est,
829 1732 1104 1810 ideoqve
1163 1749 1200 1790 a
1244 1730 1524 1792 cervicia
1582 1731 1883 1792 tenuiore
1932 1731 2203 1808 paulum
2260 1731 2531 1806 distant,
2570 1733 2743 1794 unde

355 1831 749 1910 aulkjelldur
800 1831 1000 1892 dictae
1043 1839 1241 1904 sunt3
1288 1830 1461 1909 qvod
1520 1849 1749 1890 verum
1807 1849 1949 1891 esse
2006 1831 2271 1909 propria
2329 1833 2741 1910 experientia

353 1950 504 1992 cum
561 1931 916 1992 comitibus
973 1931 1237 1992 credere
1297 1948 1645 2008 persvasus
1702 1948 1847 1990 sum
1880 1953 1893 2002 ;
1941 1931 2113 2008 qvod
2172 1931 2227 1992 si
2286 1932 2515 1993 eadem
2575 1953 2740 2011 aqva

352 2031 618 2108 longius
648 2050 685 2090 a
717 2031 898 2092 fonte
954 2031 1360 2108 deportetur,
1396 2029 1618 2091 subito
1676 2048 1974 2108 saporem
2004 2030 2273 2103 amittit,
2312 2051 2521 2109 neqve
2548 2050 2737 2110 prop-

357 2139 531 2191 terea
581 2131 884 2191 redditur
911 2130 1218 2208 insipida,
1255 2131 1368 2190 sed
1402 2129 1663 2190 tenuior
1694 2138 1954 2191 tantum
1983 2149 2149 2208 aqva
2179 2149 2407 2191 carens
2438 2132 2692 2193 fecibus
2722 2155 2735 2206 ;

353 2231 526 2308 qvod
555 2231 638 2291 de
660 2230 822 2291 locis
844 2229 994 2306 alijs
1017 2230 1442 2308 palustribuS,
1475 2229 1704 2290 vinum
1728 2228 2195 2302 redolentibus,
2226 2230 2337 2307 alij
2366 2231 2737 2292 comminis-

355 2340 618 2403 cuntur,
656 2330 900 2392 fabulis
930 2331 1405 2408 propemodum
1435 2347 1750 2391 accenseo
1788 2330 2207 2408 potiusqvam
2235 2348 2416 2392 sanae
2445 2331 2733 2393 veritati.

437 2455 818 2527 Capitulum
848 2455 1123 2515 ΧΧΧῙῙ.
1213 2447 1578 2508 Antrorum
1609 2455 1675 2507 et
1718 2446 2177 2524 speluncarum
2220 2449 2523 2525 superins
2567 2449 2740 2511 facta

355 2556 451 2607 est
483 2547 752 2620 menti0,
789 2565 950 2624 qvas
989 2547 1121 2607 iam
1150 2554 1486 2624 utcunqve
1515 2545 1885 2606 describere
1925 2546 2186 2608 attinet.
2283 2549 2741 2610 Monstrantur

352 2647 527 2707 enim
584 2646 652 2707 in
711 2648 837 2707 hac
895 2647 1162 2724 regione
1220 2655 1355 2707 tam
1416 2664 1691 2706 numero
1748 2665 1941 2724 qvam
2002 2646 2313 2708 vastitate
2386 2649 2739 2710 admodum

353 2747 717 2808 horribiles,
811 2745 988 2808 Aliae
1030 2746 1368 2808 laboribus
1429 2745 1774 2807 hominum
1805 2746 2225 2821 manufactae,
2264 2748 2449 2809 saxis
2478 2749 2737 2810 inscisae

357 2865 430 2907 ac
461 2846 736 2908 artificio
768 2846 934 2907 miro
969 2846 1324 2907 elaboratae
1356 2845 1823 2923 repperiuntur
1866 2847 2220 2923 speluncae,
2260 2847 2438 2908 foeno
2480 2850 2737 2927 potissi-

357 2965 534 3006 mum
563 2946 916 3007 destinatae
947 2964 1064 3006 nec
1088 2965 1219 3006 non
1251 2944 1586 3007 bubilibus
1606 2953 1675 3006 et
1705 2946 1885 3018 calis„
1916 2945 2071 3023 qvin
2098 2946 2297 3006 etiam
2328 2966 2459 3007 non
2483 2948 2740 3010 inficior

357 3046 748 3108 habitationi
781 3046 1095 3125 qvasdam
1127 3047 1332 3111 fuisse
1355 3045 1610 3105 utiliter
1639 3046 2025 3122 assignataS,
2052 3046 2206 3123 qvia
2236 3054 2369 3106 tam
2389 3047 2740 3110 artificiose

358 3156 734 3225 preparatas
765 3147 922 3219 vidi,
961 3155 1034 3207 ut
1065 3146 1383 3207 continuo
1413 3164 1579 3206 saxo
1609 3146 1762 3206 vivo
1792 3145 1977 3223 qvasi
2009 3145 2133 3206 sub
2163 3145 2359 3206 unico
2390 3165 2602 3208 assere
2626 3149 2734 3209 ob·
2780 3202 2785 3208 .

355 3246 574 3307 ductae
605 3255 860 3318 extent,
900 3246 1208 3307 fenestris
1235 3245 1397 3306 satis
1441 3246 1573 3306 late
1603 3245 1985 3323 patentibus
2035 3253 2398 3318 exornatae,
2438 3256 2581 3307 tum
2639 3248 2734 3308 in·

356 3347 680 3408 trinsecus
735 3345 1027 3424 paxilliS,
1065 3346 1305 3418 abaciS,
1345 3345 1661 3406 sedilibus
1704 3345 1886 3422 qvasi
1945 3345 2248 3418 scamni5‚
2285 3346 2614 3409 cubilibus
2672 3358 2737 3409 et

356 3446 614 3507 lectulis
657 3446 1021 3524 perpolitae,
1061 3446 1234 3506 unde
1278 3445 1584 3523 paradysi
1630 3463 1866 3505 nomen
1912 3445 2186 3517 sortitae,
2239 3454 2551 3523 tanqvam
2596 3450 2737 3510 loca

357 3546 794 3607 munitissima
835 3545 1148 3606 adversus
1176 3563 1436 3606 omnem
1468 3553 1953 3622 tempestatum,
1993 3545 2446 3622 procellarum,
2484 3548 2739 3609 nivium

357 3647 508 3720 vim,
547 3646 650 3707 vel
681 3645 882 3706 etiam
901 3646 1190 3706 hostium
1213 3645 1625 3706 incursiones
1649 3667 1663 3718 3
1710 3644 1921 3722 qvalis
1939 3653 2059 3718 est,
2087 3654 2160 3705 ut
2184 3663 2391 3706 unum
2409 3647 2490 3708 de
2512 3651 2741 3711 multis

355 3747 732 3824 exemplum
791 3745 1105 3818 adferam,
1143 3745 1211 3805 in
1270 3746 1414 3806 loco
1458 3745 1775 3817 solitarie,
1813 3763 1990 3806 nunc
2049 3764 2180 3806 non
2238 3745 2630 3824 inhabitato,
2669 3751 2737 3810 in

355 3846 621 3907 australi
653 3846 868 3924 plaga,
907 3843 1360 3918 Sottarheller,
1397 3845 1582 3922 qvasi
1615 3845 1846 3905 fanum
1877 3846 2203 3924 qvoddam
2250 3865 2365 3908 seu
2390 3851 2731 3927 templum,

353 3947 658 4008 crucibus
715 3943 919 4021 varijs
949 3955 1347 4006 exornatum
1405 3955 1470 4006 et
1502 3945 1888 4006 candelibus
1946 3946 2187 4017 saxeiS,
2226 3965 2353 4024 qvo
2383 3967 2739 4011 concursus

353 4047 511 4127 olim
570 4046 786 4106 fuerat
847 4045 1112 4106 votivus
1171 4055 1510 4122 grassante
1542 4045 2011 4106 nocentissima
2068 4054 2272 4123 peste,
2310 4065 2457 4124 qvae
2515 4058 2737 4110 nostra

354 4145 580 4222 lingva
631 4147 750 4206 sbtt
777 4146 1036 4221 vulgari
1091 4145 1354 4206 nomine
1383 4145 1648 4218 dicitur,
1687 4165 1725 4204 a
1769 4164 1895 4223 qva
1925 4145 2250 4205 immunes
2278 4155 2571 4208 servatos
2602 4150 2734 4209 cul·

356 4254 528 4306 tores
558 4244 762 4321 hujus
803 4245 1024 4305 sacelli
1059 4246 1328 4306 annales
1383 4245 1649 4322 qvidam
1698 4252 1993 4305 veterum
2052 4262 2184 4303 non
2237 4253 2481 4306 temere
2539 4255 2735 4309 attes-

355 4354 599 4406 tantur.
692 4346 943 4405 Verum
974 4353 1163 4405 antra
1193 4345 1416 4422 potius
1445 4344 1859 4423 appellavero
1889 4343 2201 4403 immania
2230 4363 2393 4404 saxa
2423 4349 2737 4409 naturali-

356 4455 454 4506 ter
481 4454 804 4506 excavata
835 4444 1200 4506 secundnm
1230 4463 1458 4505 omnes
1484 4443 1946 4516 dimensioneS,
1984 4443 2096 4504 ubi
2130 4462 2261 4503 non
2294 4445 2594 4508 homines
2622 4448 2736 4509 sed

353 4553 645 4606 monstra
674 4544 1039 4617 hominum,
1078 4545 1398 4622 Cyclopes
1429 4554 1492 4605 et
1525 4542 1935 4621 Polyphemi,
1974 4543 2307 4604 habitasse
2351 4545 2730 4610 creduntur.

357 4647 524 4706 Haec
569 4663 700 4704 non
731 4646 945 4705 solum
989 4643 1282 4721 perviam
1314 4644 1565 4706 faciunt
1611 4653 1855 4704 terram
1900 4643 1981 4703 ab
2028 4661 2159 4704 nna
2203 4644 2612 4721 provinciam
2655 4650 2735 4709 ad
