3242 5684
563 578 646 652 4⁶
1502 585 1972 642 [stamma

553 755 848 818 studiose
876 765 1171 818 sectatur
1191 755 1456 836 ubiqve,
1481 775 1636 818 nam
1664 755 1791 819 sub
1817 755 2007 836 aqvia
2024 755 2329 818 oculatus
2354 765 2455 818 est
2472 756 2659 830 satis,
2708 773 2951 818 verum

558 855 822 935 qvando
877 875 946 918 se
974 875 1063 918 ex
1121 855 1308 935 aqvis
1349 856 1548 928 tollit,
1583 855 1969 936 operculum
2026 865 2265 918 natura
2306 855 2488 918 dedit
2529 855 2745 918 oculis
2798 855 2953 933 ejus

558 957 1002 1018 membranam
1024 957 1376 1036 qvandam,
1405 975 1556 1036 qvae
1583 973 1835 1018 caecum
1858 955 2055 1018 efficit
2086 966 2281 1036 atqve
2310 954 2395 1017 ab
2420 973 2620 1037 scopo
2641 957 2955 1018 aberrare

559 1055 740 1118 facit.
831 1055 1100 1120 Oblitus
1129 1055 1335 1118 ferme
1365 1055 1462 1118 fui
1495 1055 1697 1118 unius
1736 1055 2045 1118 notabilis
2070 1055 2314 1134 speciei
2352 1055 2760 1129 balenarum,
2796 1075 2953 1135 qvae

557 1165 778 1218 tamen
807 1155 1056 1236 aliqvid
1095 1156 1396 1218 miraculi
1425 1174 1651 1218 secum
1697 1165 1943 1235 portat,
1979 1154 2417 1235 magnhualer
2456 1156 2797 1230 dicuntur,
2836 1155 2951 1235 qvi

557 1273 692 1318 non
709 1257 1046 1318 excedunt
1077 1275 1148 1318 ¹2
1173 1257 1385 1330 ulnas,
1409 1257 1643 1318 dentes
1672 1255 1919 1318 habent
1950 1255 2205 1318 caninis
2232 1255 2603 1318 simillimos
2630 1267 2953 1336 tanqvam

557 1375 594 1417 a
653 1365 890 1419 natura
946 1357 1014 1418 in
1073 1356 1140 1418 id
1198 1355 1434 1418 armati
1490 1365 1558 1418 et
1613 1355 1951 1434 singulare
2008 1355 2255 1417 virtute
2309 1355 2597 1434 praediti,
2634 1375 2757 1418 nec
2816 1374 2953 1416 non

556 1457 1000 1536 improbitate,
1039 1465 1114 1518 ut
1143 1457 1452 1518 omnibus
1479 1475 1567 1518 ex
1597 1475 1791 1536 aeqvo
1818 1464 1953 1518 tam
1998 1455 2465 1534 grandioribus
2492 1474 2689 1536 qvam
2734 1456 2951 1518 minu·

558 1556 718 1618 tulis
745 1557 1039 1636 piscibus
1067 1556 1497 1618 infensissimi
1525 1555 1659 1617 sint
1690 1557 1934 1631 hostes,
1970 1555 2298 1618 maximos
2324 1564 2503 1618 cetos
2530 1555 2717 1634 qvasi
2748 1573 2955 1617 manu

560 1657 736 1718 facta
766 1656 1108 1718 turmatim
1137 1656 1532 1718 adoriuntur
1557 1665 1625 1718 et
1653 1656 2016 1718 dilacerant
2042 1678 2057 1730 ;
2104 1655 2465 1718 utilitatem
2494 1665 2609 1718 aut
2631 1665 2953 1736 praestan-

561 1757 724 1818 tiam
753 1757 1030 1818 istorum
1061 1774 1254 1818 nemo
1283 1755 1446 1818 mihi
1477 1757 1803 1818 hactenus
1828 1755 2213 1835 explicavit.
2306 1755 2529 1836 Atqve
2566 1757 2663 1817 ita
2706 1756 2953 1818 medio·

560 1857 760 1919 criter
801 1856 1029 1919 videor
1078 1857 1242 1918 mihi
1287 1858 1610 1918 hactenus
1650 1855 1985 1918 monuisse
2040 1856 2123 1918 de
2165 1855 2503 1918 miraculis
2556 1855 2957 1936 qvibusdam

564 1957 843 2035 piscium
873 1957 1302 2034 grandiorum
1328 1980 1342 2030 ;
1388 1957 1586 2034 longe
1630 1965 1853 2018 autem
1881 1956 2074 2034 plura
2116 1964 2274 2018 sunt
2302 1974 2389 2017 ex
2419 1956 2607 2034 vulgi
2638 1975 2714 2017 ac
2742 1956 2955 2035 pisca-

563 2065 782 2119 torum
833 2057 1230 2119 nostratium
1259 2055 1610 2130 sententia,
1648 2075 1797 2134 qvae
1846 2065 2161 2135 tanqvam
2200 2055 2283 2116 de
2328 2056 2569 2131 abysso
2620 2056 2822 2118 Nerei
2875 2075 2959 2118 ac

565 2157 831 2219 Prothei
875 2157 1282 2232 emerserint,
1318 2157 1619 2218 inaudita
1664 2165 1731 2218 et
1776 2155 2151 2234 prodigiosa
2196 2155 2603 2230 fabulantur,
2652 2175 2805 2236 qvae
2846 2156 2961 2218 his

563 2259 930 2320 adscribere
961 2277 1091 2319 non
1125 2257 1346 2318 minus
1393 2257 1600 2336 pudet
1632 2275 1829 2336 qvam
1880 2257 2105 2318 taedet.
2200 2256 2608 2318 Descendam
2638 2275 2819 2319 nunc
2868 2258 2957 2317 ad

562 2359 848 2420 minores
897 2358 1148 2436 species
1187 2357 1488 2436 seqventi
1541 2355 1777 2434 capite.
1871 2358 2049 2417 Nota
2101 2355 2388 2417 Plinium
2439 2374 2727 2418 asserere
2774 2364 2963 2418 cetos

564 2459 880 2537 qvosdam
931 2465 1398 2519 sexcentorum
1427 2457 1670 2536 pedum
1722 2455 2161 2532 longitudinis
2198 2474 2340 2517 esse
2388 2464 2456 2518 et
2506 2464 2961 2518 trecentorum

564 2558 916 2636 sexaginta
1001 2557 1398 2630 latitudinis,
1475 2557 1651 2636 qvod
1738 2556 2033 2634 apprime
2110 2555 2417 2617 convenit
2502 2555 2963 2635 superioribus

561 2656 1136 2735 descriptionibus,

648 2782 1032 2854 Capitulum
1061 2781 1176 2840 lx.
1265 2774 1494 2850 Longe
1535 2773 1797 2834 diversa
1852 2781 1949 2834 est
1993 2771 2245 2850 species
2299 2771 2447 2850 ejus
2502 2773 2723 2851 piscis,
2760 2792 2963 2852 qvem

565 2883 808 2936 vocant
864 2873 1104 2948 hdkall,
1141 2893 1178 2934 a
1236 2873 1689 2951 superioribus
1760 2881 2078 2946 cetorum,
2128 2871 2429 2951 qvamvis
2484 2872 2554 2934 hi
2612 2873 2815 2934 etiam
2873 2875 2963 2934 ad

567 2975 1007 3056 qvantitatem
1059 2980 1096 3035 8
1131 2975 1438 3036 ulnarum
1495 2981 1612 3034 aut
1652 2991 1728 3034 10
1784 2973 1889 3034 vel
1922 2972 2097 3034 ultra
2154 2972 2559 3050 pertingant.
2654 2974 2961 3034 Duorum

567 3086 789 3138 autem
811 3083 968 3138 sunt
993 3093 1309 3154 generum
1339 3097 1354 3148 ;
1405 3092 1610 3135 unum
1636 3074 1809 3152 qvod
1840 3072 2099 3134 ossibus
2119 3073 2313 3150 plane
2341 3081 2539 3146 caret,
2568 3072 2967 3151 cartilagine

565 3177 780 3239 solum
836 3176 1049 3238 vicem
1079 3175 1342 3236 illorum
1399 3173 1813 3246 sufficiente3
1860 3173 2143 3234 alterum
2201 3172 2375 3251 qvod
2434 3172 2754 3250 grandius
2808 3191 2967 3234 ossa

567 3296 823 3356 qvoqve
853 3277 1053 3338 habet
1083 3273 1489 3348 duriuscula,
1525 3273 1803 3352 ideoqve
1834 3271 2201 3333 heinhakall
2222 3272 2539 3350 appellari
2566 3272 2753 3334 solet.
2834 3274 2965 3334 Isti

566 3377 933 3455 superiores
984 3393 1102 3455 per
1129 3393 1254 3436 ova
1313 3382 1676 3452 generent;
1724 3372 2145 3450 reperiuntur
2199 3371 2475 3433 enimin
2534 3372 2965 3434 foeminarum

569 3487 758 3538 utero
789 3495 966 3538 nunc
998 3493 1138 3552 250,
1175 3492 1353 3535 nunc
1398 3493 1522 3552 300
1549 3492 1677 3534 ova
1723 3472 1964 3545 mollia,
2002 3470 2361 3534 corticibus
2416 3471 2726 3547 carentia,
2764 3473 2967 3551 plane

567 3579 776 3640 lactea
808 3586 1120 3654 tanqvam
1151 3594 1240 3634 ex
1268 3574 1426 3635 solis
1454 3573 1765 3635 colustris
1786 3580 2111 3634 constent.
2206 3571 2609 3634 Posteriores
2635 3581 2967 3650 putantur

569 3695 709 3738 esse
741 3675 1059 3753 viviparae
1088 3672 1404 3734 foeminae.
1499 3675 1623 3734 Per
1665 3671 1888 3734 omnia
1920 3671 2058 3733 fere
2101 3671 2233 3732 illis
2263 3671 2513 3734 similes
2554 3681 2733 3745 sunt,
2762 3673 2965 3749 longe

567 3795 726 3839 vero
755 3774 1042 3835 minores
1073 3781 1145 3834 ut
1175 3772 1498 3850 pisciculi,
1534 3772 1646 3852 qvi
1678 3781 2005 3834 vocantur
2024 3770 2313 3851 haaffur,
2340 3771 2612 3849 pinnam
2630 3773 2967 3850 qvandam

569 3884 685 3938 aut
715 3873 937 3935 verius
968 3872 1379 3933 corniculum
1409 3871 1477 3932 in
1508 3873 1703 3934 dorso
1734 3879 2059 3948 gerentes,
2096 3873 2269 3950 qvod
2300 3870 2759 3951 dentiscalpijs
2798 3872 2969 3934 adeo

569 3984 846 4057 putatur
903 3982 1135 4052 aptum
1191 3981 1445 4046 natum,
1484 3980 1557 4033 ut
1615 3973 1880 4034 eosdem
1930 3979 2146 4034 servet
2195 3971 2578 4033 incolumes.
2670 3973 2845 4035 Sunt
2896 3982 2969 4034 et

568 4078 791 4157 plures
846 4073 1186 4154 praedictis
1228 4072 1476 4134 similes
1535 4081 1608 4133 ut
1667 4072 2259 4150 haaskierdijngar,
2308 4071 2586 4150 hnijsur,
2624 4091 2788 4150 qvos
2847 4072 2961 4149 alij

569 4179 866 4239 referunt
917 4176 996 4236 ad
1032 4193 1272 4252 genera
1323 4181 1639 4235 cetorum.
1733 4175 2061 4233 Praeterea
2111 4173 2474 4250 phocarum
2502 4171 2755 4250 species
2782 4171 2971 4234 varie

569 4278 1096 4354 distingvuntur.
1188 4276 1362 4338 Sunt
1421 4273 1598 4334 enim
1656 4272 1956 4351 qvaedam
2016 4270 2397 4334 domesticae
2424 4281 2542 4333 aut
2602 4271 2971 4334 fluviatiles

569 4378 883 4439 nimirum
902 4376 982 4436 ad
1007 4361 1177 4437 ostia
1195 4373 1552 4435 fluviorum
1571 4391 1813 4450 magna
1832 4372 2027 4433 turba
2050 4371 2448 4433 habitantes
2541 4370 2717 4434 Aliae
2738 4379 2970 4433 autem

572 4475 958 4538 adventitiae
1028 4475 1255 4537 oceani
1329 4473 1607 4552 glaciem
1680 4473 1817 4534 fere
1888 4471 2313 4545 comitantur,
2388 4471 2776 4550 praecedunt
2848 4481 2971 4534 aut

570 4584 939 4655 seqvuntur
965 4597 980 4648 3
1026 4575 1095 4635 in
1124 4575 1238 4635 illa
1269 4583 1550 4652 namqve
1581 4572 1907 4651 gregatim
1939 4590 2016 4633 ac
2048 4589 2290 4648 magno
2334 4589 2610 4633 numero
2662 4571 2969 4634 habitare
