3242 5684
1084 613 1208 668 DE
1241 614 1707 667 MIRABJLJB
1715 614 1815 669 ess
2555 621 2635 682 4³

243 782 414 845 collo
446 785 758 857 humane,
795 802 1067 862 corpore
1096 792 1410 863 tanqvam
1440 802 1663 864 passer
1693 802 1995 862 magnuS,
2012 784 2229 865 flz'dra
2260 783 2631 856 vernacule,

245 891 311 944 et
343 884 557 944 cauda
587 901 837 945 carenS.
926 882 1074 945 Visi
1104 893 1260 945 sunt
1292 893 1684 946 monstrosae
1713 884 1951 962 figurae
1984 884 2273 963 qvidam,
2312 885 2640 945 undarum

241 982 309 1044 vi
372 983 454 1044 ad
514 983 742 1045 littora
813 984 1094 1063 appulsi,
1160 1003 1323 1063 qvos
1381 1003 1590 1063 neqve
1664 1002 1860 1045 canes
1911 1003 2121 1062 neqve
2194 983 2638 1063 rapacissimae

244 1083 553 1144 volucres
581 1083 939 1160 degustare
991 1092 1356 1145 tentarunt.
1451 1085 1843 1162 Conspectae
1891 1093 2048 1145 sunt
2072 1084 2229 1145 olim
2282 1081 2639 1162 aliqvando

242 1183 508 1244 haleces
536 1182 745 1244 literis
774 1183 1204 1260 consignatae,
1235 1192 1300 1244 et
1332 1183 1709 1261 nuperrime
1740 1183 2069 1262 qvoddam
2097 1182 2396 1263 pisciculi
2429 1200 2641 1260 genus

242 1282 606 1344 teterrimae
655 1291 720 1344 et
751 1283 1211 1344 abominandae
1260 1282 1496 1360 figurae
1546 1301 1697 1344 cum
1749 1282 2007 1360 ejulatu
2060 1282 2413 1344 tenerrimo
2463 1282 2638 1361 apud

243 1383 501 1444 insulas
531 1384 1112 1444 Westmannorum
1145 1391 1210 1444 et
1242 1383 1399 1443 alibi
1431 1401 1675 1460 magno
1706 1401 2002 1444 numere.
2096 1383 2382 1446 Unicum
2434 1390 2637 1444 restat

242 1484 440 1562 plane
472 1482 800 1544 novitium
834 1484 1104 1544 monstri
1157 1482 1390 1556 simile,
1428 1483 1602 1562 qvod
1655 1483 1819 1543 mihi
1849 1482 2112 1544 videtur
2161 1482 2461 1544 hocloco
2507 1500 2639 1542 non

241 1582 711 1655 omittendum,
750 1582 1062 1644 nimirum
1111 1581 1310 1643 Anno
1367 1587 1544 1659 1638,
1604 1599 1640 1659 7
1688 1582 1794 1643 die
1850 1581 2101 1659 Martij,
2130 1583 2260 1643 tale
2312 1582 2639 1661 qvoddam

243 1699 489 1760 corpus
519 1681 716 1761 piscis
745 1682 1002 1760 appulit
1033 1683 1114 1742 ad
1146 1681 1338 1744 littus
1360 1683 1669 1756 australe,
1702 1683 2055 1756 HvalsneS,
2086 1680 2280 1758 quus
2309 1681 2522 1759 figura
2573 1690 2639 1743 et

243 1781 607 1860 descriptio
635 1780 991 1858 subjicitur
1022 1803 1035 1842 :

252 2807 478 2869 Primo
535 2808 870 2886 qvantitas
901 2807 1046 2884 ejus
1106 2806 1314 2884 major
1359 2807 1511 2880 fuit,
1548 2827 1742 2886 qvam
1791 2809 1955 2868 solet
2015 2809 2453 2869 communiter
2502 2828 2642 2870 esse

253 2907 605 2968 mediocris
648 2908 853 2980 aselli,
891 2927 1081 2985 qvem
1140 2907 1235 2968 sic
1265 2908 1468 2985 vulgo
1527 2908 1953 2986 appellamuS,
1991 2908 2204 2968 minor
2232 2927 2389 2970 vero
2445 2927 2641 2986 qvam

254 3007 440 3068 aselli
473 3007 741 3085 grandis
772 3008 877 3068 vel
908 3007 1205 3081 maximi,
1240 3007 1464 3085 ldnga.
1560 3009 1778 3085 Caput
1823 3008 2034 3085 qvoad
2068 3007 2347 3084 figuram
2406 3007 2639 3085 mugili

252 3107 361 3168 vel
392 3107 681 3185 capitoni
714 3125 845 3167 non
877 3106 1145 3168 omnino
1176 3107 1494 3179 absimile,
1532 3106 1660 3167 nisi
1705 3108 1877 3185 qvod
1909 3126 1983 3167 os
2033 3126 2148 3168 seu
2180 3115 2466 3169 rostrum
2517 3107 2641 3168 sub

257 3206 474 3285 capite
506 3215 720 3283 gestat
752 3207 934 3268 velut
968 3207 1154 3283 galea
1185 3207 1371 3281 leviS,
1408 3207 1723 3271 dentibus
1752 3207 1984 3268 saltem
2016 3205 2411 3284 primatibus
2440 3206 2640 3283 insig-

259 3307 474 3368 nitum
523 3306 756 3380 tribuS,
796 3325 929 3367 uno
979 3306 1241 3384 qvidem
1272 3305 1603 3367 subrubeo
1654 3315 1769 3367 aut
1800 3305 2119 3383 subnigro
2164 3306 2231 3365 in
2262 3305 2645 3367 mandibula

255 3406 572 3468 inferiore
603 3415 977 3467 transverso
1008 3405 1407 3479 acutissimO,
1444 3407 1706 3467 duobus
1735 3415 1955 3467 autem
1987 3406 2054 3465 in
2085 3405 2419 3483 superiore
2463 3425 2641 3467 man-

252 3506 486 3567 dibula
515 3505 748 3585 positis
781 3514 1043 3567 tantum
1073 3524 1204 3566 non
1236 3505 1631 3582 conjunctis
1728 3508 1883 3566 Post
1913 3506 2139 3566 oculos
2167 3505 2235 3566 in
2265 3506 2646 3568 summitate

257 3605 498 3685 capitis
555 3624 762 3666 cornu
819 3605 1192 3678 incurvum,
1229 3605 1445 3666 colore
1502 3604 1677 3667 flavo
1735 3605 1944 3683 nigris
2000 3605 2277 3666 maculis
2324 3624 2640 3686 resperSO,

258 3705 509 3768 aculeis
566 3705 962 3766 acutissimis
1020 3705 1087 3766 in
1147 3704 1373 3766 infima
1431 3713 1614 3783 parte
1673 3705 1798 3780 sui,
1863 3705 2036 3784 qvod
2097 3714 2295 3784 caput
2363 3715 2638 3784 spectat,

259 3817 638 3868 antrorsum
668 3805 1002 3867 munitum
1031 3805 1214 3877 ade0,
1253 3814 1328 3866 ut
1378 3805 1718 3883 proprium
1770 3805 2030 3884 pondus
2082 3806 2327 3867 aculeis
2366 3807 2512 3868 istis
2563 3807 2645 3866 ad

257 3906 524 3983 tignum
557 3905 797 3982 pressis
823 3905 1185 3982 pendulum
1229 3913 1599 3966 sustentare
1629 3905 1973 3984 potuisset.
2068 3907 2379 3966 Rostrum
2431 3906 2647 3984 ipsum

259 4022 627 4069 concavum
657 4023 731 4065 ac
760 4005 978 4077 molle,
1014 4004 1164 4065 visu
1194 4004 1606 4081 subnigrum,
1638 4005 1909 4066 naribus
1932 4005 2014 4064 ad
2043 4023 2117 4065 os
2138 4005 2640 4066 declinantibus,

263 4103 520 4167 Deinde
551 4112 699 4182 post
729 4103 1032 4165 brancias
1071 4103 1435 4165 minutatas
1464 4123 1670 4165 cornu
1713 4104 2013 4181 erigitur,
2050 4103 2294 4164 duritie
2323 4111 2389 4164 et
2434 4105 2647 4167 colore

259 4203 575 4267 dentibus
603 4203 1032 4277 simillimum,
1070 4203 1196 4265 nisi
1229 4204 1400 4265 forte
1430 4204 1643 4281 magis
1672 4204 1981 4265 albicans.
2075 4205 2402 4264 Praeterea
2423 4204 2648 4282 pinnae

259 4306 568 4383 ingentes
597 4311 751 4364 ante
781 4303 998 4381 ipsum
1030 4303 1319 4365 medium
1349 4303 1524 4365 dorsi
1555 4304 1729 4377 duae,
1767 4311 1994 4382 postea
2024 4302 2381 4364 breviculae
2422 4303 2647 4382 pinnae

261 4415 479 4468 totum
512 4403 793 4480 tergoris
824 4411 1123 4481 tegentes
1151 4421 1356 4482 usqve
1387 4403 1470 4464 ad
1501 4404 1798 4476 caudam,
1836 4420 1985 4481 qvae
2014 4401 2213 4463 exilis
2242 4403 2459 4465 fuerat
2503 4413 2643 4467 tan-

262 4524 462 4586 qvam
490 4503 562 4564 in
593 4521 799 4577 mure,
836 4502 1322 4581 longitudinem
1353 4503 1562 4582 ipsius
1590 4502 1789 4581 piscis
1823 4503 2197 4582 adaeqvanS.
2291 4503 2650 4568 Inferiores

263 4607 489 4684 pinnae
546 4610 662 4664 aut
722 4603 1145 4680 cartilagines
1199 4603 1423 4682 potius
1479 4602 1933 4680 superioribus
1988 4603 2200 4663 multo
2244 4601 2526 4680 majores
2581 4615 2647 4668 et
