3242 5684
932 612 993 665 A
995 612 1287 666 NNALI
1287 613 1417 666 UM
1440 612 1847 666 FARRAGO
2545 618 2582 678 3

196 785 549 846 Hardrade
604 784 744 847 sive
789 786 1092 848 Crudelis
1148 785 1644 862 navigationem
1701 785 1929 848 eodem
1986 786 2304 860 instituit,
2340 786 2455 848 sed
2512 784 2582 845 in

194 883 602 962 periculosos
643 903 913 961 errores,
950 887 1255 949 tenebras
1310 883 1666 965 [maximas
1709 905 1786 946 ac
1827 886 2095 948 demum
2138 887 2207 948 in
2247 887 2583 948 insolitam

192 985 528 1062 qvandam
578 985 896 1061 carybdin
946 1004 1065 1048 seu
1113 981 1520 1062 voraginem1
1564 985 1866 1047 incidens
1913 1004 2170 1048 summo
2220 1004 2372 1048 cum
2421 985 2583 1048 vitae

193 1084 579 1146 discrimine
635 1085 865 1160 evasit,
903 1086 1253 1164 gigantum
1310 1084 1742 1147 habitatione·
1795 1104 2133 1165 nunqvam
2204 1094 2576 1165 conspecta.

208 1181 413 1264 [Qvia
442 1203 601 1246 vero
632 1185 824 1247 multi
850 1187 1221 1254 Haraldum
1250 1194 1325 1247 ut
1355 1204 1469 1264 spe
1494 1185 1889 1247 frustratum
1917 1185 2286 1260 irriserunt,
2333 1183 2586 1248 rursus²

192 1304 287 1346 ex
345 1285 681 1362 Norvegia
751 1294 817 1347 et
890 1285 1285 1347 Friislandia
1356 1285 1659 1346 nonnulli
1729 1285 2123 1364 praedictum
2194 1286 2583 1362 giganteum

196 1402 479 1462 regnum
492 1383 1042 1448 Trollbotnaland
1061 1385 1415 1465 qvaesitum
1429 1386 1636 1460 ibant,
1663 1386 1902 1465 qvibus
1916 1405 2049 1448 non
2069 1388 2279 1448 multo
2297 1387 2584 1448 foelicius

76 1531 79 1540 .
196 1484 327 1546 iter
356 1485 570 1560 cessit,
609 1505 761 1547 nam
790 1486 1050 1565 experti
1080 1494 1237 1548 sunt
1267 1485 1648 1547 innumeras
1676 1495 1741 1546 et
1773 1485 2139 1548 ineffabiles
2188 1506 2278 1548 ex
2304 1488 2471 1548 coelo
2514 1494 2580 1548 et

76 1603 81 1642 ι
196 1585 339 1647 solo
361 1593 428 1647 et
446 1587 585 1647 salo
603 1585 1027 1648 difficultates
1049 1604 1201 1647 cum
1220 1585 1513 1647 maximo
1531 1586 1693 1648 vitae
1714 1586 2027 1664 periculo,
2133 1583 2300 1666 [Ipsi
2324 1606 2582 1666 qvoqve

197 1685 574 1747 inciderunt
625 1686 695 1746 in
724 1686 1110 1764 voraginem
1157 1685 1486 1765 qvandam
1516 1685 1688 1747 vasti
1741 1687 1940 1747 maris
1983 1687 2222 1748 amisso
2271 1687 2582 1765 poenitus

76 1805 83 1846 ε
195 1785 447 1847 lumine
496 1781 743 1847 solari.⁸
828 1783 1125 1847 Tandem
1156 1804 1312 1848 vero
1364 1793 1559 1847 terrae
1585 1786 1928 1864 praedictae
1970 1786 2103 1847 oris
2152 1788 2576 1862 adlabuntur,

76 1907 83 1946 t
194 1905 349 1964 quae
420 1885 773 1947 altissimos
845 1894 1103 1948 montes
1172 1894 1238 1948 et
1309 1886 1668 1947 horriferos
1735 1887 2040 1965 scopulos
2125 1894 2576 1965 repraesentat,

76 2009 83 2048 f
194 1983 593 2064 ibidemqve⁴
650 1987 867 2048 nullas
923 1982 1175 2048 domos⁶
1234 1994 1349 2047 ant
1410 1985 1690 2046 aedificia
1761 1986 1986 2048 videre
2042 1987 2343 2064 contigit,
2421 1984 2579 2066 [nisi

76 2111 83 2150 t
196 2083 484 2147 tantum⁶
532 2105 848 2148 cavernas
878 2095 943 2148 et
997 2096 1185 2147 antra
1229 2082 1398 2165 [solo
1442 2085 1677 2148 effossa
1729 2086 1924 2165 idqve
1976 2087 2204 2148 multis
2253 2087 2321 2147 in
2368 2083 2579 2149 locis.‘'

77 2213 81 2232 ··
199 2186 429 2248 Pulvis
447 2195 668 2246 autem
686 2185 891 2263 hujus
909 2194 1107 2248 terrae
1130 2204 1291 2248 auro
1313 2194 1379 2247 et
1399 2194 1676 2262 argento
1707 2183 2050 2265 [scatebat‚
2089 2189 2262 2265 qvod
2293 2187 2584 2264 navigijs

76 2295 81 2352 Ξ
195 2286 337 2347 suis
382 2285 883 2364 importabant,⁸
923 2288 1094 2365 qvod
1144 2304 1295 2348 cum
1345 2283 1605 2346 incolae⁹
1635 2285 2255 2360 animadverterent,
2293 2287 2585 2366 undiqve

196 2386 433 2447 armati
478 2383 717 2465 [hastis
746 2394 811 2447 et
844 2386 1130 2448 arcubus
1168 2393 1664 2447 concurrerunt.
1759 2388 2006 2446 Nautae
2057 2405 2213 2448 vero
2245 2387 2406 2464 fuga
2453 2387 2578 2449 sibi

76 2515 81 2554 ς
196 2488 671 2548 consuluerunt
691 2486 922 2548 relicto
937 2486 1108 2548 forte
1124 2503 1257 2547 uno
1276 2487 1559 2560 tantum,
1583 2504 1776 2564 qvem
1793 2485 2098 2562 gigantes
2116 2486 2226 2547 isti
2245 2489 2582 2566 extemplo

76 2615 82 2656 ς
195 2586 645 2648 crudelissime
667 2581 1149 2648 dilaniarunt.¹⁰
1232 2587 1314 2647 In
1346 2587 1469 2646 hac
1492 2581 1804 2662 regione¹¹
1834 2587 1956 2647 lux
1977 2586 2216 2647 diurna
2238 2605 2579 2666 nunquam

76 2717 82 2758 ς
193 2686 441 2748 dicitur
468 2704 610 2748 esse
638 2687 833 2760 clara,
868 2686 982 2747 ubi
1012 2685 1212 2747 etiam
1243 2686 1694 2747 formidabiles
1722 2686 2042 2764 strepitus
2071 2687 2220 2748 coeli
2250 2687 2580 2767 marisque

76 2835 81 2844 .
193 2805 449 2866 semper
475 2785 875 2859 exauditur3
922 2787 1097 2847 unde
1136 2782 1449 2865 quidam¹²
1478 2786 1884 2847 concludunt
1927 2805 2072 2847 eam
2103 2805 2244 2847 esse
2284 2787 2579 2848 infimam

77 2951 79 2960 y
194 2887 265 2948 in
297 2887 493 2965 globo
532 2894 727 2947 terrae
755 2893 948 2964 atqve
995 2886 1063 2946 in
1094 2885 1329 2947 umbra
1372 2885 1828 2958 constitutam,
1878 2882 2085 2964 [unde
2115 2904 2341 2948 omnes
2391 2906 2580 2966 aqvae

76 3037 79 3046 .
193 2996 260 3049 et
292 2987 500 3048 nubes
550 3005 788 3062 magna
818 2986 885 3048 vi
930 3004 1193 3047 sursum
1225 2981 1575 3047 tendant.¹³
1661 2988 1832 3047 Haec
1877 2986 2218 3062 navigatio
2249 2987 2424 3077 facta
2479 2995 2579 3048 est

192 3088 264 3149 in
297 3087 532 3148 diebus
577 3085 724 3163 Olaj
781 3085 956 3163 regis
1006 3085 1217 3147 sancti
1271 3085 1577 3146 Haralldi
1629 3084 1746 3162 filij
1804 3093 1869 3146 et
1930 3082 2186 3164 [postea
2242 3104 2580 3165 nunqvam

192 3184 502 3250 iterata.¹⁴

276 3297 473 3356 Anno
507 3295 665 3355 1346
712 3286 984 3347 Morbus
1050 3285 1470 3363 pustularum
1542 3283 1903 3344 Islandiam
1974 3284 2218 3345 iterum
2289 3284 2582 3362 graviter

195 3388 527 3464 affligebat
558 3387 741 3459 ade0‚
780 3393 855 3446 ut
886 3405 975 3445 ex
1002 3383 1311 3446 omnibus
1340 3384 1578 3444 insulae
1607 3382 1907 3461 partibus
1938 3384 2130 3444 multi
2161 3385 2574 3447 decederent.

276 3497 474 3555 Anno
507 3493 666 3554 1374
712 3487 1040 3562 Pauperes
1068 3483 1288 3544 inedia
1319 3491 1385 3544 et
1417 3483 1590 3544 fame
1620 3483 2016 3545 moriuntur.

277 3597 474 3655 Anno
507 3593 665 3653 1379
712 3583 1047 3646 Graminis
1116 3591 1475 3661 proventus
1545 3591 1681 3644 tam
1752 3583 2062 3660 exiguuS,
2127 3592 2203 3646 ut
2275 3588 2582 3665 exemplo

193 3695 451 3760 careat;
495 3685 863 3762 imbresqve
893 3701 1210 3762 aqvarum
1241 3691 1305 3744 et
1350 3683 1560 3744 crebri
1620 3691 1686 3744 et
1730 3684 1897 3760 largi
1957 3685 2140 3758 ade0‚
2201 3693 2275 3747 ut
2321 3686 2581 3747 ruinam

194 3786 521 3849 montium
551 3791 980 3846 causarentur
1008 3791 1074 3844 et
1104 3783 1359 3844 labores
1389 3783 1734 3844 hominum
1763 3785 2132 3862 perderent.

276 3897 473 3955 Anno
506 3894 661 3952 1402
708 3885 979 3961 Strages
1008 3883 1351 3945 hominum
1382 3884 1451 3943 in
1482 3883 1777 3944 Islandia
1817 3884 2073 3962 ingenS.

276 3997 474 4055 Anno
525 3994 681 4053 1492
731 3983 945 4045 Pestis
1000 3983 1113 4044 illa
1172 3984 1635 4058 memorabilis,
1700 4003 1896 4063 qvam
1947 3986 2211 4063 plagam
2271 4004 2581 4062 magnam

194 4087 424 4166 Myklu
467 4085 775 4165 pldguna
819 4084 1147 4162 appellare
1202 4085 1509 4158 solemus,
1560 4085 1632 4145 in
1691 4084 2104 4145 meridionali
2149 4085 2441 4145 Islandia
2498 4085 2582 4146 ab

190 4188 673 4254 Seltiarnarnes
727 4183 1015 4263 primum
1057 4192 1293 4245 exorta
1352 4191 1451 4245 est
1512 4184 1638 4245 hoc
1697 4184 1912 4244 modo,
2006 4183 2220 4245 Navis
2276 4186 2580 4263 qvaedam

193 4286 573 4350 Britannica
619 4285 690 4345 in
742 4284 914 4345 fret'o
964 4291 1157 4345 extra
1207 4291 1475 4361 portum
1522 4283 1878 4357 ferebatur,
1931 4302 2127 4361 qvam
2179 4302 2331 4345 cum
2383 4285 2582 4347 maris

189 4389 432 4450 accolae
461 4383 909 4464 gubernaculo
939 4402 1072 4445 non
1091 4383 1231 4461 regi
1263 4385 1377 4444 sed
1403 4401 1561 4445 aura
1592 4390 1660 4444 et
1683 4382 2000 4444 fluctibus
2029 4382 2269 4461 agitari
2289 4384 2576 4446 animad-

184 4494 538 4560 verterent,
616 4483 839 4546 studio
911 4483 1350 4561 cognoscendi
1423 4482 1701 4544 eandem
1773 4471 2154 4545 visitarunt.
2279 4486 2580 4564 Cumqve

187 4587 657 4660 ascendissent,
718 4583 929 4661 signis
986 4601 1117 4644 non
1174 4582 1471 4645 obscuris
1528 4581 1764 4644 moniti
1824 4591 2062 4644 nantas
2110 4601 2338 4646 omnes
2394 4594 2581 4663 peste
