3242 5684
507 630 588 690 54
1462 625 1932 682 JSLANDJCA

505 794 700 873 cuius
717 795 988 858 foemina
1017 796 1164 877 kofa
1193 814 1311 859 seu
1331 796 1695 877 peistekosa,
1744 797 1905 859 item
1934 797 2287 878 suartfigle.
2324 801 2517 872 νέων,
2556 797 2707 858 rilla
2739 799 2895 870 &c.,

507 895 892 976 selng'jngur,
963 895 1236 958 minima
1279 897 1582 976 qvaedam
1640 897 1921 972 avicula,
1971 916 2167 978 qvam
2210 897 2480 975 sagittae
2537 897 2903 960 manuariae

507 995 730 1059 sonitu
761 1004 1024 1058 tantum
1055 996 1249 1058 facile
1277 1005 1376 1058 est
1405 996 1821 1074 extingvere.
1916 999 2015 1060 De
2034 997 2429 1078 qvibusdam
2448 997 2903 1075 superioribus

509 1113 628 1175 pro
657 1096 976 1158 miraculo
1013 1114 1167 1159 vere
1197 1097 1484 1158 refertur
1529 1105 1725 1176 atqve
1753 1097 2165 1175 experientia
2212 1097 2459 1170 docuit,
2496 1099 2671 1177 qvod
2720 1099 2897 1176 apud

510 1197 1176 1272 Westmanneyenses
1191 1197 1364 1259 clare
1381 1196 1606 1258 didici.
1699 1197 2039 1276 Siqvidem
2058 1197 2339 1259 brumali
2363 1206 2657 1276 tempore
2680 1197 2899 1260 visum

511 1295 855 1358 bominum
907 1296 1202 1374 fugiunt,
1237 1315 1444 1358 verno
1493 1297 1867 1370 redeuntes,
1901 1305 2227 1376 putantur
2276 1308 2350 1360 ut
2382 1317 2539 1360 aves
2568 1297 2903 1360 aestivales

509 1397 590 1458 de
648 1397 886 1472 hyeme
929 1396 1332 1471 delitescere,
1369 1394 1565 1474 cujus
1620 1397 1716 1459 rei
1760 1405 2227 1475 argumentum
2284 1398 2415 1459 tale
2470 1397 2766 1475 probatis
2822 1416 2901 1458 ac

511 1495 866 1574 fidedignis
893 1495 1056 1557 viris
1085 1495 1330 1558 ibidem
1358 1495 1781 1558 observatum
1812 1505 1931 1558 est.
2025 1496 2131 1557 Ad
2162 1497 2387 1558 littora
2416 1496 2784 1559 insularum
2826 1497 2899 1558 in

513 1597 848 1676 profundo
871 1604 1028 1658 sunt
1058 1596 1317 1657 lacunae
1333 1615 1452 1657 seu
1481 1614 1786 1658 cavernae
1808 1597 1932 1658 sub
1962 1615 2130 1675 aqva
2153 1597 2222 1657 in
2251 1596 2541 1676 scopulis
2568 1605 2634 1658 et
2664 1596 2849 1658 saxis
2880 1621 2895 1671 ;

513 1698 647 1758 huc
702 1714 843 1757 sese
901 1695 1200 1756 conferre
1257 1695 1642 1767 creduntur,
1678 1704 1743 1757 et
1801 1695 2025 1758 vernis
2080 1696 2507 1774 temporibus,
2563 1697 2899 1776 praecipue

510 1796 684 1857 circa
713 1795 957 1856 festum
989 1797 1068 1856 D.
1109 1794 1296 1856 Pauli
1327 1803 1441 1857 aut
1471 1795 1702 1870 serius,
1737 1796 2001 1876 qvando
2020 1795 2300 1875 piscium
2330 1797 2519 1875 copia
2540 1796 2901 1858 adventare

511 1893 1084 1968 animadvertitur,
1120 1894 1256 1956 sole
1312 1913 1636 1956 oceanum
1691 1903 2079 1973 penetrante
2135 1903 2201 1957 et
2260 1897 2475 1958 calore
2530 1915 2654 1958 suo
2711 1897 2899 1975 qvasi

510 2004 880 2074 vegetante,
915 1995 997 2056 de
1047 1995 1234 2074 aqvis
1261 2003 1610 2072 emergunt
1658 2006 1974 2075 tanqvam
2004 2005 2267 2058 mortua
2316 1996 2727 2058 avicularum
2756 2016 2899 2058 cor·

508 2115 669 2175 pora
697 2105 764 2157 et
807 2095 1071 2175 qvidem
1099 2095 1335 2174 supine
1363 2093 1720 2169 fluitantia,
1758 2095 1973 2158 calore
2002 2096 2296 2157 meridiei
2348 2095 2697 2173 tepefacta,
2734 2096 2897 2157 inci·

505 2197 699 2277 plunt
729 2196 972 2256 sensim
1021 2195 1434 2266 reviviscere,
1471 2213 1546 2255 ac
1595 2195 1851 2274 primus
1878 2195 1947 2256 in
1997 2197 2315 2257 alterutro
2342 2196 2508 2274 pede
2561 2196 2897 2258 observari

509 2305 729 2358 motus
778 2295 1142 2368 consvevit,
1177 2313 1372 2373 qvem
1421 2295 1666 2356 sensim
1696 2295 1778 2356 ad
1818 2314 2022 2374 aqvas
2048 2296 2456 2372 subagitant,
2492 2295 2701 2357 donec
2730 2297 2899 2358 alter

507 2416 762 2477 qvoqve
805 2395 1178 2468 reviviscat,
1215 2403 1378 2456 tunc
1419 2395 1648 2455 statim
1694 2403 1768 2456 ut
1812 2395 1972 2457 vitae
2012 2395 2271 2472 integre
2300 2396 2631 2458 restitutae
2671 2414 2895 2474 super·

507 2505 735 2558 natare
794 2495 982 2573 aqvis
1037 2493 1388 2571 incipiunt,
1453 2495 1829 2573 crebrisqve
1885 2495 2449 2557 submersionibus
2506 2496 2896 2558 alimentum

506 2614 820 2675 qvaerere,
857 2593 1026 2672 qvod
1059 2593 1518 2674 spectaculum·
1543 2595 1735 2655 multi
1767 2595 2223 2657 insulanorum
2252 2605 2625 2657 constanter
2651 2595 2899 2658 vidisse

506 2701 958 2757 asseverarant
986 2716 1000 2766 ;
1047 2711 1130 2754 ne
1159 2711 1317 2754 vero
1349 2711 1562 2770 nugas
1591 2694 1938 2756 venditare
1966 2695 2216 2768 videar,
2254 2704 2457 2757 testes
2494 2695 2641 2773 ejus
2670 2696 2763 2757 rei
2812 2697 2894 2757 ad

505 2796 637 2856 huc
694 2794 763 2854 in
793 2793 967 2855 vivis
1022 2801 1197 2865 sunt,
1234 2811 1367 2853 non
1424 2803 1646 2855 tamen
1686 2795 1768 2855 ab
1824 2795 2132 2856 omnibus
2174 2796 2303 2856 hoc
2358 2795 2749 2857 miraculum
2794 2805 2894 2858 est

502 2897 947 2958 observatum.
1045 2892 1357 2971 Geirfugl
1399 2894 1540 2955 avis
1589 2903 1689 2955 est
1748 2895 2020 2968 marina,
2059 2913 2191 2956 non
2243 2913 2450 2975 usqve
2498 2895 2663 2957 adeo
2712 2915 2891 2974 pere·

505 2996 716 3075 grim,
781 2994 1037 3056 vicinas
1092 2993 1345 3054 insulas
1414 2993 1730 3068 incolens,
1794 2995 2129 3073 praecipue
2195 2995 2745 3073 Geirfuglaskier,
2812 2998 2895 3059 ab

503 3096 740 3174 ijsdem
769 3095 864 3156 ita
891 3093 1413 3167 denominatum,
1451 3093 1772 3155 immenso
1803 3112 2098 3169 numero,
2133 3095 2505 3173 qvantitate
2552 3096 2886 3170 mediocri,

503 3216 652 3276 qvae
680 3204 948 3274 propter
976 3213 1163 3254 suam
1185 3193 1679 3272 pingvedinem,
1713 3194 1928 3268 credo,
1953 3195 2157 3256 altius
2185 3195 2408 3256 volare
2438 3204 2552 3256 aut
2583 3195 2653 3256 in
2684 3197 2892 3258 altum

502 3297 824 3358 extollere
843 3313 1180 3373 nunqvam
1205 3294 1776 3356 animadvertitur.
1869 3294 1940 3356 Si
1962 3295 2225 3373 qvando
2239 3295 2599 3374 piscatores
2621 3297 2887 3376 aucupij

503 3397 716 3472 gratia
771 3394 1001 3456 eodem
1029 3393 1479 3472 prolabantur,
1517 3393 1780 3471 agmine
1839 3394 2016 3456 facto
2045 3395 2335 3456 advenas
2375 3397 2799 3458 stercorando
2828 3408 2893 3459 et

501 3494 949 3557 conculcando
1005 3511 1146 3554 sese
1203 3493 1374 3555 tueri
1433 3501 1779 3568 conantur,
1830 3493 1958 3554 nisi
2016 3495 2318 3555 homines
2373 3495 2574 3556 duces
2627 3495 2892 3558 illarum

503 3594 690 3675 qvasi
733 3593 1080 3672 primarios
1121 3601 1315 3654 caute
1356 3593 1791 3671 praeveniant,
1828 3593 2085 3656 bacillis
2126 3594 2891 3673 aliqvotjnterficiendo3

505 3713 634 3774 qvo
692 3693 871 3753 facto
927 3691 1226 3769 reliqviae
1281 3692 1562 3754 aviculae
1621 3693 1782 3769 fuga
1838 3693 1965 3754 sibi
2010 3695 2352 3756 consulere
2408 3703 2663 3774 parant,
2710 3697 2893 3758 nullo

505 3793 775 3870 negotio
804 3791 910 3852 vel
940 3791 1138 3851 nudis
1168 3791 1471 3852 manibus
1499 3793 1945 3869 praedatorum
1969 3793 2343 3871 capiuntur.
2437 3794 2659 3873 Atqve
2700 3797 2889 3857 mira·

503 3894 662 3956 bilia
691 3893 773 3952 de
804 3891 1040 3952 avibus
1067 3890 1547 3968 simplicissime
1577 3891 1672 3952 sic
1703 3894 1964 3955 habent.
2058 3895 2442 3972 Seqvuntur
2470 3895 2741 3956 insecta.

572 4006 780 4059 Avium
828 4003 1272 4057 nomenclatura.
1347 3988 1495 4071 Alpt
1531 4003 1639 4056 eda
1671 4021 1903 4069 svanur,
1936 4007 2091 4070 Olor,
2120 4007 2369 4074 Cygnus.
2443 3991 2620 4060 Alka.
2694 4009 2883 4073 Avm,

504 4091 724 4158 Aqvila,
756 4087 1328 4150 Herodius.—Avnd,
1359 4091 1529 4139 Anas.
1604 4091 1855 4140 Anatum
1900 4090 2055 4140 varia
2100 4095 2234 4141 sunt
2268 4105 2511 4156 genera:
2550 4090 2718 4155 Erta,
2747 4096 2885 4155 reta,

506 4179 726 4228 BoscaS.
790 4170 1084 4234 Stockdnd,
1115 4171 1408 4239 Penelops.
1468 4170 1741 4236 Grc’z'fb'nd,
1774 4172 2185 4239 Qverqvedula.
2224 4172 2622 4238 Blakollzdnd,
2651 4175 2891 4228 fortasse

505 4263 660 4310 Anas
682 4262 959 4324 torqvata‚
989 4271 1116 4321 qvae
1142 4253 1313 4306 etiam
1336 4253 1528 4306 Fbilla
1553 4260 1610 4305 et
1650 4254 1901 4318 Wya'0‘nd
1940 4255 2164 4308 dicitur.
2249 4255 2527 4324 Toppdnd.
2616 4255 2883 4322 Vatzdnd,

505 4342 703 4393 eadem
750 4355 880 4392 cum
933 4337 1193 4404 Grcfffdnd
1245 4337 1497 4389 fortasse.
1506 4336 1794 4401 —Falcke,
1848 4339 2033 4391 Falco.
2142 4338 2473 4406 Fylijngur.
2586 4340 2881 4408 Geyrjfugl.

508 4422 788 4490 Grdgiaes,
812 4426 1008 4474 Anser.
1087 4419 1423 4486 Grdmdsur,
1454 4421 1635 4474 Gavia
1658 4419 1895 4473 cinerea.
1971 4420 2186 4473 Hdella
2209 4421 2315 4473 eda
2335 4421 2618 4475 habvella.
2692 4423 2883 4488 Hane,

505 4507 720 4560 Gallus.
793 4504 1005 4566 Haena,
1058 4503 1304 4556 Gallina.
1378 4502 1655 4568 Hassdla,
1710 4505 2076 4567 catarracten,
2130 4508 2361 4572 Mergus
2384 4521 2639 4572 magnus.
2715 4506 2890 4559 Him-

505 4589 703 4641 brime.
776 4586 1116 4653 Hrijngvie.
1189 4585 1530 4653 Heimgiaes.
1629 4585 1866 4638 Hrotur
1906 4586 2011 4639 eda
2057 4588 2309 4654 margds.
2384 4587 2605 4654 Hrasn,
2650 4591 2880 4644 Corvus
