3242 5684
957 639 1445 694 ANNALIUM
1470 641 1880 697 FARRAGO
2531 649 2564 690 2
2572 651 2608 710 3

218 812 381 885 titit,
420 821 495 874 ut
551 810 853 888 jumenta
908 811 1157 891 pariter
1212 831 1289 873 ac
1346 811 1648 874 homines
1707 822 1960 874 certum
2019 813 2182 874 vitae
2239 814 2610 893 periculum

219 921 592 976 metuerent
623 933 638 986 ;
684 911 1010 973 sensimus
1029 921 1256 990 postea
1275 913 1615 974 multoties
1630 912 2120 986 commotioneS,
2146 932 2377 975 verum
2401 914 2611 976 multo

219 1012 644 1074 remissiores,
736 1013 995 1073 Rursus
1032 1011 1262 1073 eodem
1292 1031 1467 1073 anno
1515 1012 1847 1074 subvertit
1877 1012 2230 1091 obruitqve
2281 1022 2610 1076 nocturno

220 1122 513 1191 tempore
543 1111 788 1173 montis
810 1111 1002 1172 ruina
1029 1112 1381 1191 plusqvam
1408 1111 1759 1173 dimidium
1785 1111 2149 1173 habitaculi
2182 1113 2251 1173 in
2271 1113 2608 1175 Holltensi

220 1211 534 1292 parochia
556 1214 755 1274 Ytsta
776 1209 1002 1284 Skala,
1027 1211 1202 1290 qvod
1220 1221 1527 1289 parentes
1549 1220 1800 1289 septem
1822 1213 2179 1274 liberorum
2203 1213 2606 1288 incolebant3

219 1312 609 1392 parentibus
648 1320 911 1373 tantum
963 1331 1093 1372 non
1152 1311 1433 1373 mortuis
1476 1312 1880 1374 subventum
1937 1320 2059 1386 est,
2119 1322 2193 1374 ut
2251 1313 2611 1375 semineces

219 1415 476 1475 delecto
504 1421 571 1474 et
598 1413 744 1474 luto
773 1413 1215 1474 traherentur.
1308 1412 1477 1473 Cum
1508 1421 1730 1473 autem
1778 1420 1985 1474 mater
2014 1413 2332 1491 postridie
2374 1413 2607 1474 libero-

222 1533 369 1576 rum
428 1513 569 1574 fata
608 1513 885 1586 videret,
921 1511 1101 1586 vitae,
1139 1511 1312 1591 qvod
1370 1529 1567 1590 super
1625 1521 1788 1586 erat,
1823 1531 1975 1574 cum
2033 1522 2244 1575 morte
2302 1513 2610 1590 religiose

220 1612 677 1686 commutavit,
713 1622 909 1691 atqve
940 1612 1035 1672 ita
1062 1613 1292 1674 eodem
1323 1629 1474 1674 cum
1504 1612 1638 1673 illis
1665 1613 2016 1691 sepulchro
2046 1599 2342 1691 tegiturs
2411 1614 2610 1675 Mari-

222 1724 332 1776 tus
362 1722 585 1775 autem
613 1721 947 1792 superstes
975 1731 1127 1775 cum
1148 1713 1289 1774 suis
1315 1713 1708 1774 moesoribus
1747 1713 2186 1776 conflictatur.

305 1823 503 1882 Anno
538 1820 692 1881 1625
738 1810 1097 1893 *[Eluvies
1151 1831 1473 1892 aqvarum
1500 1822 1569 1874 et
1627 1813 1867 1874 cineris
1895 1823 1960 1874 et
2020 1813 2196 1891 ignis
2226 1833 2314 1875 ex
2359 1815 2608 1892 alpium

222 1913 661 1977 commotione
689 1922 755 1974 et
786 1921 1063 1991 ruptura
1094 1921 1380 1974 tractum
1410 1912 1796 1974 orientalem
1828 1913 2002 1975 iuter
2041 1916 2199 1976 Wer
2227 1923 2294 1975 et
2347 1915 2610 1990 Mvrdal

220 2033 461 2092 magna
517 2032 606 2074 ex
663 2022 849 2091 parte
904 2013 1309 2086 exundabat,
1362 2012 1535 2091 qvod
1597 2013 1852 2074 notavit
1913 2013 2376 2075 Heldvaderus
2431 2015 2610 2093 typis

224 2111 543 2177 Danici5.¹
626 2111 879 2178 Eodem
921 2131 1097 2174 anno
1145 2112 1483 2191 perierunt
1532 2113 1688 2174 duae
1745 2132 1947 2174 naves
2001 2113 2377 2191 piscatoriae
2432 2115 2607 2192 apud

220 2215 575 2280 Snaefellds
600 2212 805 2289 kaul
835 2231 986 2274 cum
1016 2212 1457 2291 piscatoribus
1485 2236 1499 2286 ;
1548 2213 1799 2274 relictae
1828 2222 1984 2274 sunt
2003 2212 2351 2274 duodecim
2383 2213 2608 2276 viduae

221 2325 287 2378 et
317 2335 401 2393 40
429 2313 619 2375 liberi
647 2313 949 2392 orphani.

304 2424 503 2483 Anno
536 2423 693 2481 1626
739 2411 1070 2491 Apparuit
1090 2412 1319 2474 multis
1336 2412 1734 2476 Skalholtiae
1751 2413 1833 2473 ad
1854 2410 2176 2478 Evronoti
2197 2413 2606 2476 domicilium

222 2517 409 2577 halos
437 2514 611 2576 circa
640 2515 868 2575 lunam
897 2530 1049 2574 cum
1077 2512 1380 2591 pluribus
1405 2513 1593 2592 qvasi
1624 2511 1803 2574 lunis
1848 2512 2377 2588 interdistinctis,
2415 2532 2611 2576 cruce

222 2616 505 2694 deniqve
554 2614 839 2676 mediam
867 2613 1079 2691 ipsam
1124 2613 1350 2674 lunam
1380 2613 1590 2674 instar
1635 2612 1802 2691 radij
1860 2612 2284 2690 fulgentioris
2332 2614 2606 2677 interse-

222 2724 435 2778 cante.
529 2715 728 2775 Anno
798 2713 1027 2774 eodem
1084 2712 1261 2791 apud
1332 2720 1590 2774 montes
1648 2711 1958 2787 Eyiafioll
2029 2713 2243 2776 dictos
2300 2714 2368 2775 in
2438 2733 2613 2793 pago

223 2816 522 2879 Holtiam
576 2813 906 2875 ambiente
933 2812 1188 2891 peperit
1233 2831 1433 2874 vacca
1462 2813 1756 2874 vitulum
1803 2821 2266 2887 monstrosum,
2303 2814 2416 2892 qvi
2456 2814 2611 2877 licet

222 2918 305 2978 ab
334 2914 645 2976 anteriori
675 2921 863 2992 parte
892 2931 1107 2974 armos
1136 2921 1331 2974 tenus
1360 2912 1530 2973 nihil
1559 2912 1810 2974 insoliti
1841 2930 1980 2990 prae
2009 2931 2078 2974 se
2130 2913 2352 2987 ferret,
2390 2923 2610 2975 tamen

223 3037 261 3078 a
289 3014 649 3095 posteriore
676 3013 935 3091 spinam
964 3011 1140 3073 dorsi
1187 3012 1308 3073 vix
1339 3011 1542 3073 ullam
1593 3012 1901 3086 habebat,
1939 3020 2014 3073 ut
2046 3013 2257 3073 cauda
2309 3022 2610 3074 extrema

219 3114 543 3179 vertebris
570 3113 782 3192 spinae
809 3112 985 3173 inter
1012 3131 1228 3173 armos
1284 3112 1731 3174 eminentibus
1759 3111 2138 3173 immediate
2196 3113 2604 3189 iungeretur,

220 3216 473 3279 viscera
530 3214 751 3276 omnia
778 3214 1107 3274 locomota
1163 3210 1542 3290 majoraqve
1586 3229 1784 3290 qvam
1842 3212 1922 3272 ad
1980 3213 2352 3290 portionem
2411 3213 2610 3273 faetus

218 3315 613 3379 naturaliter
639 3313 960 3374 excedere
988 3320 1316 3391 poterant,
1342 3310 1621 3389 pedibus
1649 3311 1818 3372 nihil
1847 3311 2128 3372 decessit
2161 3331 2371 3391 neqve
2393 3331 2605 3373 acces·

219 3419 331 3480 sit.
422 3415 698 3478 Viderat
749 3412 983 3474 faetum
1036 3412 1175 3490 ipse
1214 3420 1439 3490 pastor
1483 3408 1637 3472 loci'
1679 3411 2036 3488 diligenter
2084 3412 2614 3474 animadvertens

216 3527 417 3597 atqve
446 3522 813 3576 notaverat.
908 3515 1080 3574 Item
1110 3511 1551 3573 referentibus
1578 3510 1731 3589 alijs
1760 3530 1951 3573 ovem
1983 3511 2325 3573 foeminam
2364 3513 2612 3574 ibidem

217 3620 391 3678 duos
440 3633 648 3692 agnos
676 3612 967 3687 enixam,
1003 3630 1283 3691 qvorum
1331 3613 1499 3674 alter
1526 3611 1750 3690 biceps
1781 3611 1983 3672 fuerit
2014 3621 2082 3674 et
2113 3621 2375 3674 tantum
2406 3615 2610 3692 quad-

216 3735 438 3795 rupeS,
476 3723 755 3793 uterque
785 3731 943 3774 vero
972 3719 1295 3773 mortuus,

306 3824 503 3885 Anno
564 3822 723 3882 1627
768 3812 1191 3891 Appulerunt
1249 3811 1588 3873 littoribus
1644 3831 1732 3873 ex
1791 3811 1956 3872 mari
2016 3811 2210 3874 multi
2278 3812 2612 3874 mirabiles
2661 3799 2678 3808 ”

213 3918 431 3998 pisces
461 3923 578 3976 aut
606 3912 901 3992 piscibus
949 3911 1265 3991 quiddam
1293 3910 1507 3972 simile
1562 3911 1632 3972 in
1665 3911 2030 3974 Akranese.
2124 3911 2324 3972 Anno
2381 3911 2610 3973 eodem

218 4037 304 4080 20
330 4019 367 4093 J
372 4015 488 4094 ulij
524 4012 921 4079 Skalholtiae
947 4013 1175 4072 horam
1207 4010 1472 4072 circiter
1500 4019 1763 4072 sextam
1791 4011 1898 4073 vel
1927 4019 2232 4072 octavam
2261 4011 2609 4072 antemeri-

213 4119 485 4180 dianam
512 4115 817 4177 videmus
848 4112 1107 4174 fumum
1136 4130 1223 4172 ex
1256 4110 1478 4172 Hekla
1510 4119 1734 4172 monte
1785 4111 2264 4183 ascendentem,
2303 4111 2608 4189 qvemad-

214 4219 489 4280 modum
536 4216 817 4277 thermae
845 4212 1280 4274 ferventiores
1328 4230 1639 4289 vaporem
1687 4211 1988 4272 emittere
2037 4210 2273 4271 solent.
2365 4208 2608 4272 *Anno

213 4319 449 4382 eodem
478 4313 700 4378 Turca
730 4311 1333 4374 truculentissimus
1361 4311 1429 4371 in
1463 4310 1823 4372 Islandiam
1854 4308 2330 4383 transfretavit,
2367 4309 2480 4388 qvi
2524 4329 2613 4371 ex

210 4415 559 4499 provincia
607 4411 912 4476 orientali
972 4411 1311 4474 Berufirde
1381 4408 1478 4490 [et
1534 4404 1944 4488 propinqvis⁸
1999 4417 2065 4469 et
2123 4427 2210 4469 ex
2271 4409 2612 4488 provincia

208 4515 629 4580 meridionali
690 4509 1066 4576 Grindavik
1125 4520 1323 4590 atqve
1378 4530 1466 4573 ex
1526 4508 1762 4571 insulis
1820 4509 2402 4570 Westmannorum
2474 4527 2609 4570 non

215 4620 437 4682 solum
498 4610 927 4694 paupercula⁴
978 4610 1189 4689 spolia
1247 4608 1646 4688 deportavit,
1683 4626 1915 4670 verum
1971 4605 2190 4683 etiam,
2238 4605 2418 4687 [qvae
2476 4628 2609 4671 non
