3242 5684
1028 605 1513 661 ANNALIUM
1540 605 1832 658 FARRA
1841 605 1896 659 G
1899 605 1950 660 0
2606 607 2682 669 27

202 825 213 835 .
289 791 429 835 non
450 775 591 836 sine
614 774 924 836 mediocri
947 773 1170 836 labore
1193 775 1515 835 hactenus
1533 772 1842 850 colligere
1860 772 2070 852 potui,
2096 791 2245 852 qvae
2267 773 2686 836 amanuensis

288 893 502 949 meuS,
540 875 843 936 Ketellus
894 873 1197 950 Jbrundi,
1233 873 1517 952 plurima
1562 871 1769 934 latine
1813 871 2056 948 vertit;
2104 881 2296 936 tuum
2352 883 2454 936 est
2511 873 2684 953 aeqvi

287 975 580 1053 boniqve
611 975 953 1037 consulere
982 983 1181 1053 atqve
1210 993 1331 1054 pro
1362 974 1542 1034 facto
1570 972 1986 1034 voluntatem
2043 972 2391 1036 aestimare.
2486 973 2686 1037 Plura

288 1093 373 1135 ac
391 1075 669 1136 fortasse
698 1073 951 1152 majora
972 1075 1053 1135 de
1084 1073 1499 1135 mirabilibus
1520 1072 1834 1134 Islandiae
1863 1072 2115 1134 interea
2131 1073 2360 1134 sedulo
2377 1073 2679 1149 meditor,

290 1193 445 1253 qvae
474 1175 626 1254 qvia
658 1192 935 1236 numero
958 1183 1116 1236 sunt
1145 1173 1312 1235 bene
1342 1172 1554 1234 multa
1582 1181 1650 1234 et
1679 1172 1968 1250 pondere
1997 1173 2158 1234 satis
2187 1173 2437 1250 gravia,
2474 1174 2684 1236 multa

289 1293 553 1353 qvoqve
582 1275 662 1335 ad
695 1275 829 1336 huc
860 1283 996 1336 tam
1028 1273 1256 1351 ignota
1285 1291 1483 1352 qvam
1512 1272 1788 1334 incerta.
1881 1271 2202 1334 Animum
2253 1273 2542 1352 applicui
2599 1273 2682 1336 ad

288 1393 372 1435 ea
395 1382 677 1449 tantum,
707 1393 856 1452 qvae
882 1392 1108 1435 revera
1131 1372 1227 1434 sic
1244 1382 1311 1434 et
1331 1391 1463 1433 non
1487 1371 1766 1433 aliterse
1787 1371 2030 1433 habere
2052 1373 2156 1434 vel
2180 1372 2318 1452 ipse
2340 1373 2678 1452 comperiJ,

287 1475 400 1536 vel
430 1473 911 1552 probatissimis
940 1473 1440 1565 qvibuscunqve
1470 1471 1812 1534 verissima
1842 1490 1984 1534 esse
2012 1481 2294 1534 constat.
2390 1476 2487 1535 De
2535 1473 2683 1536 reli-

288 1575 443 1653 qvis
498 1574 667 1635 nihil
724 1573 1071 1636 sollicitus,
1148 1575 1356 1634 Horae
1412 1581 1640 1634 autem
1695 1571 2098 1634 successivae
2155 1572 2325 1634 fiunt
2383 1574 2546 1635 mihi
2607 1584 2683 1638 ut

286 1673 653 1753 plurimum
710 1674 1129 1750 angustiores
1154 1695 1169 1747 ;
1236 1691 1367 1751 qvo
1424 1672 1648 1734 minus
1705 1673 1876 1751 qvod
1936 1673 2088 1735 volo
2143 1673 2500 1752 perficiam,
2557 1676 2684 1738 hoc

288 1793 551 1854 qvoqve
583 1782 656 1835 ut
686 1774 841 1835 boni
872 1774 1199 1846 consulaS,
1234 1772 1436 1834 etiam
1480 1781 1680 1851 atqve
1722 1772 1924 1834 etiam
1967 1781 2142 1850 pet0.
2237 1776 2413 1836 Bene
2455 1785 2523 1838 et
2564 1778 2684 1840 diu

288 1875 612 1953 beateqve
641 1874 814 1951 vige,
853 1874 1025 1947 vive,
1063 1874 1232 1935 vale.

377 1974 623 2052 Scripsi
653 1974 1049 2037 Skalholtiae
1076 1974 1146 2034 in
1180 1973 1470 2034 islandia
1502 1971 1914 2034 meridionali
1946 1973 2146 2034 Anno
2183 1979 2336 2053 1637
2372 1993 2450 2054 24
2489 1978 2676 2057 Julij.

364 2199 566 2252 Notos
591 2199 720 2252 and
741 2199 1055 2252 variants.
1130 2199 1251 2252 The
1272 2200 1442 2252 items
1464 2199 1707 2252 marked
1727 2201 1803 2266 by
1829 2215 1902 2250 an
1927 2199 2168 2252 asterisk
2192 2217 2286 2252 are
2309 2207 2370 2253 to
2393 2203 2465 2254 be
2497 2201 2680 2256 found

288 2268 436 2319 both
459 2267 522 2318 in
548 2269 669 2321 MS.
700 2271 823 2319 Bor.
864 2281 932 2331 50
959 2271 1060 2332 (A)
1086 2268 1203 2318 and
1221 2281 1283 2330 51
1316 2267 1435 2332 (B).
1517 2267 1575 2317 1.
1614 2265 1819 2330 ¹Thus,
1843 2266 1936 2318 for
1959 2273 2236 2320 cruentas.
2309 2266 2329 2297 ²
2349 2271 2391 2319 Β
2409 2269 2584 2322 adds:
2619 2270 2684 2322 iu

292 2334 566 2398 Islandia,
594 2335 875 2402 probably
920 2335 1176 2396 because,
1205 2333 1514 2401 according
1558 2339 1619 2385 to
1642 2335 1742 2385 the
1784 2334 2043 2386 author’s
2067 2349 2266 2386 source
2305 2334 2395 2387 for
2416 2337 2515 2388 the
2557 2351 2682 2404 pre—

292 2401 502 2469 ceding
526 2403 672 2466 date,
700 2402 800 2452 the
824 2401 1143 2453 hail-storm
1168 2401 1443 2453 occurred
1464 2401 1525 2452 in
1549 2399 1918 2468 Trondhjem,
1949 2405 2209 2467 Norway.
2283 2400 2528 2480 ³passim
2551 2418 2682 2471 pro-

289 2468 457 2520 strati
496 2474 631 2521 sunt
652 2469 803 2519 fame
843 2467 1122 2530 homines,
1154 2473 1210 2518 et
1244 2483 1452 2534 pecora
1474 2467 1756 2519 subdialia
1779 2467 2070 2534 perierunt
2093 2467 2212 2520 fere
2237 2483 2503 2522 universa
2549 2473 2686 2523 B.—

289 2535 417 2586 The
440 2536 599 2587 datoe
623 2551 697 2587 on
720 2534 839 2586 this
862 2551 1008 2602 page
1025 2550 1135 2597 are,
1166 2533 1305 2586 with
1330 2550 1439 2587 one
1462 2535 1783 2601 exception,
1812 2533 1962 2586 from
1985 2535 2085 2587 the
2112 2535 2436 2602 Oddavery‘a
2458 2537 2676 2602 anndll,

292 2603 411 2653 and
435 2603 847 2669 consequently
871 2617 967 2653 are
990 2607 1049 2654 at
1066 2601 1330 2653 variance
1343 2600 1481 2653 with
1500 2602 1667 2653 other
1683 2601 1916 2666 annals3
1959 2603 2302 2666 1106==1104,
2332 2607 2676 2670 1117=1118,

294 2669 1001 2734 1153=1151,1157=1156‚
1027 2669 1371 2732 1158=1157,
1406 2669 1749 2732 1165=1164,
1776 2669 2475 2734 1168=1166,1223=1222.
2555 2685 2682 2738 1279

290 2735 343 2787 is
356 2735 504 2787 from
548 2736 935 2801 Lyskander's
964 2735 1163 2788 Grcinl.
1191 2733 1483 2787 Chronica.
1563 2734 1678 2800 (ef.
1699 2737 1905 2798 Storm,
1928 2735 1990 2787 in
2010 2735 2208 2788 Arkiv
2223 2735 2280 2801 f.
2312 2753 2370 2789 n.
2399 2737 2514 2790 Fil.
2545 2739 2678 2806 VI.)

292 2802 359 2854 2.
400 2802 565 2854 1nam
588 2818 693 2869 per
714 2808 1043 2868 seqventem
1066 2807 1304 2853 estatem
1327 2800 1388 2853 in
1411 2800 1596 2866 Juni0,
1628 2817 1759 2854 cum
1783 2802 1858 2853 ad
1881 2801 2310 2854 anniversarum
2335 2811 2682 2858 conventum

366 2868 494 2921 triae
540 2869 1016 2936 proficiscendum
1042 2873 1205 2931 esset,
1234 2867 1499 2920 universa
1576 2868 1749 2920 lacies
1771 2874 1829 2921 et
1852 2867 2011 2921 nives
2042 2869 2192 2921 circa
2214 2870 2538 2924 habitacula
2563 2887 2680 2924 non

290 2885 530 2988 pserunt
552 2937 819 2988 resolutae
846 2939 904 2987 B.
980 2935 999 2964 ²
1019 2935 1356 3001 qvibusdam
1384 2938 1441 2988 Β.
1514 2934 1534 2964 ⁸
1572 2935 1794 3013 ecitqve
1826 2935 2014 2998 rimas,
2045 2941 2312 3003 rupturas
2335 2943 2393 2989 et
2430 2939 2674 3002 baratra,

291 3019 365 3054 ex
390 3002 593 3069 qvibus
606 3018 750 3070 aqva
767 3001 1008 3054 ebullire
1027 3005 1085 3054 B.
1126 3002 1218 3052 *et
1241 3002 1527 3053 horrendo
1549 3002 1782 3054 fremitu
1798 3001 1999 3069 igneos
2021 3003 2260 3070 glandes
2283 3003 2590 3070 ejaculavit
2614 3009 2672 3058 B.

291 3068 314 3101 ⁶
328 3072 441 3121 Not
462 3069 524 3120 in
549 3073 609 3122 Β.
681 3069 704 3104 ⁶
717 3069 849 3136 qvia
870 3068 1071 3121 aestivo
1107 3073 1363 3136 tempore
1386 3068 1687 3121 nidificant
1719 3067 1801 3120 ibi
1821 3075 1880 3120 et
1919 3085 2026 3121 ova
2049 3085 2150 3120 sua
2195 3070 2511 3122 excludunt
2548 3087 2682 3124 aves

293 3135 597 3188 maritimae
624 3151 637 3199 ;
669 3135 732 3188 in
778 3135 937 3188 hisce
982 3134 1234 3202 scopulis
1278 3134 1499 3187 videbis
1543 3151 1745 3188 omnes
1789 3136 1846 3186 la
1885 3135 2010 3187 ides
2057 3141 2288 3187 exustos
2332 3153 2468 3200 esse,
2507 3136 2679 3204 idqve

290 3202 630 3255 mirabiliter
675 3206 735 3255 Β.
808 3202 1090 3269 'integras
1136 3201 1457 3280 provincias
1501 3201 1818 3253 devastavit
1903 3202 1957 3254 ic
2001 3201 2152 3279 ignis
2197 3202 2430 3270 e'usqve
2464 3203 2590 3255 dira
2624 3209 2682 3257 et

293 3270 569 3322 damnosa
591 3269 789 3333 rabies,
814 3269 1123 3336 aliqvando
1145 3283 1208 3320 in
1244 3267 1404 3334 mari,
1434 3268 1742 3335 aliqvando
1765 3267 1826 3320 in
1866 3274 2014 3319 terra
2035 3283 2204 3320 mcen
2248 3268 2370 3320 ium
2408 3269 2579 3348 fecit3
2614 3271 2678 3323 in

294 3336 633 3404 qvibusdam
655 3336 798 3388 locis
820 3335 1011 3388 exusti
1034 3341 1258 3388 montes
1278 3335 1341 3387 in
1363 3351 1520 3386 mare
1542 3341 1893 3387 corruerunt.
1965 3334 2126 3387 Tunc
2150 3335 2420 3388 maximae
2466 3337 2679 3390 vicissi-

292 3403 523 3455 tudines
568 3404 737 3456 factae
782 3408 918 3455 sunt
961 3402 1023 3454 in
1071 3402 1340 3467 Islandia,
1390 3402 1708 3469 praesertim
1752 3401 2128 3465 meridionali,
2181 3403 2333 3468 qvod
2375 3403 2680 3456 infandum

293 3471 569 3522 damnum
594 3475 651 3522 et
675 3469 1080 3521 detrimentum
1103 3475 1239 3521 ante
1281 3467 1664 3520 universalem
1687 3467 1862 3521 totius
1906 3469 2190 3521 machinae
2213 3470 2419 3522 mundi
2465 3472 2676 3523 confla-

362 3537 613 3589 ationem
636 3550 755 3588 non
779 3536 1131 3603 reparabitur
1154 3539 1212 3588 Β.
1287 3534 1730 3587 8inhabitatores
1753 3539 1812 3588 Β.
1885 3534 2186 3587 ⁹nonnulli
2210 3540 2270 3588 Β.
2345 3536 2387 3572 1⁰
2398 3541 2515 3590 Not
2530 3538 2594 3590 in
2614 3542 2674 3591 Β.

314 3605 333 3635 1
350 3607 393 3655 Β
417 3604 594 3656 adds:
628 3603 721 3655 vel
744 3602 1119 3671 adjacentem.
1194 3602 1234 3632 ¹³
1248 3602 1713 3670 Borrhapelioten
1738 3608 1795 3653 et
1817 3618 1851 3653 a
1875 3600 2231 3656 Gr6nlandia
2254 3620 2450 3658 versus
2485 3609 2680 3658 Boreae

291 3670 647 3723 domicilium
670 3670 781 3722 sita
803 3676 889 3722 est
914 3673 972 3722 B.
1048 3669 1159 3721 ¹³id
1184 3675 1270 3721 est
1290 3668 1591 3736 gigantum
1614 3675 1766 3720 terra
1785 3688 1798 3733 ;
1834 3669 2066 3736 qvidam
2089 3671 2385 3738 appellant
2408 3672 2579 3724 etiam
2615 3677 2675 3725 Β.

295 3738 335 3772 1⁴
348 3739 449 3790 sed
473 3736 622 3788 nihil
643 3736 804 3788 aliud
826 3741 911 3788 est
934 3751 1103 3803 qvam
1137 3735 1437 3803 gigantum
1461 3751 1560 3788 seu
1596 3736 1899 3788 hominum
1922 3737 2368 3790 monticularum
2405 3739 2682 3792 habitatio

295 3808 354 3857 B.
444 3804 485 3838 ¹⁵
500 3804 803 3872 gigantum
849 3808 1057 3855 terram
1102 3804 1206 3854 sed
1248 3802 1527 3854 ditionem
1584 3802 1919 3870 speculandi
1973 3804 2158 3871 gratia
2214 3806 2485 3871 permulti
2541 3806 2680 3859 olim

291 3870 537 3924 invisere
561 3869 864 3937 cupierunt
886 3874 1055 3936 atqve
1076 3885 1307 3936 operam
1331 3869 1612 3921 dederunt
1637 3872 1695 3922 Β.
1769 3869 1813 3904 ¹⁰
1821 3885 1998 3922 senex
2023 3887 2093 3922 ex
2113 3871 2300 3922 Dania
2323 3888 2335 3935 ;
2370 3889 2567 3924 verum
2589 3873 2680 3925 illi

292 3935 2680 4070 {iuffzmssffiz{asszsszzesssffsffi251232230sses}012·ae035⁰}§a{³22

294 4075 355 4124 Β.
428 4071 525 4123 ⁴in
552 4087 662 4137 qva
679 4087 740 4122 re
782 4070 911 4122 'one
929 4073 988 4121 Β.
1062 4069 1139 4121 ⁵13
1176 4069 1350 4122 adds:
1385 4074 1714 4122 structuras.
1788 4069 1923 4121 “sed
1958 4071 2159 4122 saltem
2200 4072 2260 4122 B.
2335 4070 2430 4120 ⁷in
2477 4072 2684 4124 tellure

291 4138 493 4190 multis
536 4137 679 4190 locis
718 4153 755 4189 o
796 4141 1092 4188 servarunt
1138 4139 1197 4188 Β.
1270 4135 1291 4166 ⁸
1306 4151 1578 4204 perqvam
1611 4135 1940 4188 abundabat
1964 4151 2134 4202 qvare
2157 4135 2329 4187 modo
2353 4135 2673 4206 Grdnlandj

294 4221 469 4257 naves
512 4220 646 4256 suas
688 4202 948 4271 precioso
992 4202 1106 4254 isto
1148 4204 1418 4256 thesauro
1462 4218 1698 4255 onerare
1742 4201 2029 4270 incipiunt
2075 4205 2134 4254 B.
2229 4200 2252 4235 ⁹
2259 4202 2522 4269 gigantes
2577 4219 2678 4256 seu

290 4272 557 4324 homines
596 4269 896 4322 monticoli
936 4272 995 4321 B.
1094 4269 1135 4303 ¹⁰
1152 4275 1560 4333 convenerunt,
1607 4269 1998 4322 crudelissima
2045 4283 2281 4334 qvaeqve
2325 4268 2672 4324 minitantes.

292 4343 369 4390 At
405 4336 615 4405 trepidi
654 4341 864 4402 nautae,
896 4335 1195 4388 confestim
1235 4340 1461 4403 arrepta
1498 4335 1652 4403 fuga,
1682 4337 1743 4386 in
1784 4350 1959 4388 naves
1997 4351 2118 4386 sese
2141 4336 2451 4400 contulere,
2480 4337 2680 4391 relicto

290 4407 440 4458 forte
486 4419 619 4467 uno,
649 4419 817 4471 qvem
861 4403 1035 4455 modo
1056 4402 1119 4455 in
1164 4401 1324 4455 mille
1346 4407 1536 4469 partes
1581 4402 1930 4454 dilaniarunt
1951 4400 2230 4454 immensa
2268 4402 2354 4454 ira
2377 4402 2681 4458 vastissimi

290 4472 351 4540 gi
394 4475 555 4522 antes
601 4473 660 4522 Β.
753 4470 796 4506 11
807 4469 1077 4537 gigantea
1120 4475 1270 4522 terra
1316 4471 1376 4521 B.
1467 4467 1509 4503 ¹²
1525 4469 1796 4521 nonnulli
1841 4469 2114 4521 doctores.
2211 4467 2252 4500 ¹⁸
2270 4484 2442 4536 qvare
2487 4471 2684 4524 divina

290 4557 355 4593 or
402 4537 670 4601 'natione,
698 4535 778 4588 ita
853 4541 1176 4603 reparatum
1210 4540 1267 4587 et
1300 4534 1579 4588 sancitum
1614 4540 1866 4597 censent,
1895 4540 1960 4586 ut
1983 4550 2180 4587 omnes
2215 4551 2376 4603 aqvae
2410 4543 2468 4590 et
2501 4540 2682 4592 nubes

289 4606 429 4659 inde
443 4619 671 4657 sursum
685 4608 781 4676 ten
824 4619 918 4655 ere
927 4607 1199 4670 expetant
1222 4606 1284 4655 B.
1357 4601 1397 4633 ¹⁴
1409 4607 1467 4654 et
1482 4606 1783 4668 postqvam
1801 4601 1953 4654 dicta
1976 4601 2133 4670 regio
2150 4608 2370 4670 reperta
2387 4620 2680 4673 nunqvam
