3242 5684
620 624 697 682 16
1568 633 1763 690 ISLA
1769 634 1939 688 NDI
1936 635 2041 690 CA

603 803 803 884 idqve
859 815 1008 884 post
1063 805 1194 868 diei
1250 825 1558 870 occasum
1615 808 1793 870 lente
1846 827 1919 870 se
1948 817 2343 872 moventem.
2521 808 2722 870 Anno
2750 807 2985 870 eodem

614 904 958 968 Dominica
979 907 1523 985 Septuagesimae,
1549 926 1699 986 qvae
1721 907 1853 970 fuit
1872 908 2017 971 dies
2042 907 2341 986 Januarij
2378 925 2478 984 24,
2509 926 2679 971 anus
2700 909 3005 988 qvaedam

615 1006 878 1068 nomine
908 1006 1232 1069 Gudruna
1285 1004 1643 1068 Thorsteni
1675 1006 1812 1069 filia
1874 1009 1981 1080 (re
2010 1027 2169 1070 vero
2226 1007 2555 1084 Erynnis)
2589 1008 2661 1068 in
2718 1008 3007 1069 borealis

614 1106 929 1168 Islandiae
958 1115 1176 1169 tractu
1208 1107 1494 1168 Adaldal
1523 1107 1809 1186 hospitis
1856 1109 1961 1170 sui
1992 1127 2111 1170 seu
2156 1107 2367 1187 patris
2395 1109 2683 1170 familias
2732 1107 3005 1170 filiolam

611 1205 938 1280 biennem,
975 1225 1172 1286 qvam
1228 1207 1652 1268 nutriendam
1708 1217 2109 1288 susceperat,
2160 1209 2231 1270 in
2288 1208 2570 1271 lebetem
2626 1207 2753 1270 seri
2812 1207 3007 1269 lactis

613 1307 906 1368 ardentis
983 1307 1199 1385 capite
1255 1307 1564 1368 deorsum
1638 1327 1832 1370 verso
1888 1308 2184 1382 immisit,
2250 1309 2642 1388 monuitqve
2698 1316 3010 1386 parentes

610 1407 975 1484 egrediens,
1041 1415 1116 1468 ut
1175 1407 1462 1469 frustum
1521 1407 1739 1468 carnis
1794 1408 2183 1470 iamdudum
2252 1409 2388 1471 illis
2454 1409 2863 1471 destinatum
2934 1407 3005 1468 in

613 1506 860 1568 favillis
909 1517 1280 1586 qvererent,
1314 1508 1603 1586 probene
1648 1517 1913 1569 coctum
1942 1517 2136 1582 esset,
2172 1527 2257 1570 an
2286 1527 2479 1570 secus
2508 1509 2633 1588 ipsi
2664 1516 3001 1570 curarent.

615 1609 832 1668 Mater
859 1626 1018 1669 vero
1046 1625 1199 1668 cum
1228 1607 1479 1684 reliqva
1518 1607 1771 1669 familia
1802 1608 1871 1668 in
1922 1609 2213 1670 culinam
2242 1609 2611 1670 adventans
2657 1609 3007 1687 parvulam

612 1707 1024 1769 combustam
1052 1717 1118 1769 et
1149 1707 1344 1768 morti
1367 1708 1742 1786 proximam
1772 1708 2049 1770 invenit.

695 1815 892 1876 Anno
927 1817 1084 1877 1609
1127 1806 1518 1868 *Dominica
1546 1810 1809 1875 Laetare
1838 1808 2066 1870 scribit
2116 1809 2275 1870 Dns.
2315 1809 2765 1871 Gudmundus
2816 1806 3000 1885 Olaj,

611 1915 838 1986 pastor
863 1905 1244 1981 orientalis¹,
1293 1903 1390 1987 [se
1433 1908 1677 1970 vidisse
1726 1926 1877 1969 cum
1937 1907 2086 1986 alijs
2132 1906 2491 1988 praecipue'
2534 1908 2663 1970 tria
2708 1908 2778 1969 in
2835 1909 3013 1969 coelo

609 2007 716 2069 vel
739 2007 890 2069 aere
909 2016 1196 2070 meteora
1219 2027 1337 2070 seu
1357 2007 1569 2086 signa,
1599 2008 1797 2088 idqve
1815 2007 1885 2069 in
1910 2009 2215 2086 proxima
2234 2017 2390 2071 ante
2416 2009 2725 2070 Natalem
2748 2007 3008 2070 Christi

607 2108 1034 2170 hebdomade.
1049 2109 1171 2170 Die
1191 2108 1429 2170 Martis
1457 2109 1888 2170 antecedente
1908 2108 2153 2170 festum
2175 2109 2301 2170 sub
2321 2117 2585 2170 noctem
2620 2099 3013 2189 [insignem⁸

605 2208 1019 2287 splendorem
1039 2209 1262 2271 subito
1291 2209 1745 2286 fulgurantem
1775 2209 1859 2269 ab
1886 2209 2139 2270 oriente
2168 2208 2373 2286 hujus
2396 2209 2533 2270 fere
2583 2208 2819 2287 figurae
2862 2201 2965 2296 <>
2986 2258 3002 2283 ,

610 2309 722 2388 qvi
753 2317 970 2371 totum
1013 2309 1356 2388 templum,
1393 2309 1462 2369 in
1515 2327 1647 2387 qvo
1698 2317 2003 2370 versatus
2044 2309 2153 2382 sit,
2190 2310 2367 2370 clara
2410 2310 2558 2370 luce
2602 2309 2959 2387 repleverit
2991 2331 3007 2383 ;

608 2417 924 2486 vergente
954 2418 1176 2471 autem
1207 2410 1332 2470 hac
1361 2408 1816 2470 coruscatione
1844 2409 1928 2470 ad
1966 2409 2485 2487 septentrionem
2528 2427 2860 2487 egressam
2912 2428 3011 2469 ex

609 2529 686 2570 ea
735 2510 995 2571 stellam
1039 2509 1370 2585 fulgitam‚
1408 2529 1557 2589 qvae
1605 2510 2024 2588 splendorem
2073 2511 2495 2588 postmodum
2546 2509 3003 2571 antecesserit.

611 2609 800 2671 Alias
827 2609 1206 2688 vespertino
1234 2617 1528 2687 tempore
1558 2609 1729 2671 vidit
1760 2608 2091 2670 excelsam
2122 2610 2366 2671 nubem
2397 2610 2481 2670 ab
2509 2609 2762 2672 oriente
2791 2609 3011 2670 veluti

608 2729 866 2771 summa
893 2710 1153 2788 pulsam
1198 2717 1608 2788 tempestate,
1648 2709 1859 2770 forma
1910 2727 2164 2784 curruS,
2202 2709 2723 2772 circumeuntem
2768 2709 2836 2769 in
2888 2708 3009 2770 via

609 2809 790 2871 solis·
882 2811 1050 2872 Cum
1079 2829 1236 2871 vero
1267 2810 1347 2870 ad
1379 2819 1602 2870 ortum
1633 2809 1897 2882 rediret,
1927 2829 1964 2870 e
1992 2828 2193 2871 curru
2236 2806 2536 2890 [surgere
2560 2810 2744 2872 visus
2771 2816 2871 2870 est
2894 2809 3011 2870 vir

609 2910 924 2988 expansis
951 2909 1262 2987 braehijS,
1299 2910 1512 2988 primo
1542 2909 1809 2989 qvidem
1839 2909 2035 2984 binis,
2070 2919 2299 2988 postea
2329 2918 2614 2989 quatuor
2643 2910 2727 2971 ad
2769 2927 3013 2970 omnes

606 3011 837 3088 plagas
855 3010 1108 3084 mundi,
1133 3011 1244 3089 qvi
1269 3009 1467 3089 paulo
1484 3009 1697 3071 serius
1718 3028 1852 3071 una
1871 3028 2021 3071 cum
2042 3028 2243 3071 curru
2283 3007 2609 3072 evanuit.⁴
2690 3005 3007 3070 Tertium

604 3111 872 3188 signum
921 3111 1027 3173 vel
1058 3119 1394 3172 meteoron
1446 3110 1577 3172 fuit
1607 3110 1799 3172 stella
1850 3110 2343 3190 splendissimos
2384 3129 2701 3189 spargens
2749 3109 3000 3171 radioS.

606 3210 903 3276 *Eodem
952 3230 1126 3272 anno
1154 3210 1504 3290 profitetur
1552 3219 1853 3272 matrona
1885 3229 2016 3272 non
2062 3211 2281 3272 minus
2309 3211 2419 3289 pia
2468 3230 2665 3289 qvam
2716 3211 3009 3270 honesta

605 3312 1000 3388 Ingeborga,
1054 3311 1364 3372 habitans
1419 3311 1747 3387 praedium
1808 3310 1951 3371 Hof
2004 3310 2026 3370 i
2088 3311 2563 3388 Wopnafyrde‚
2600 3309 2844 3372 vidisse
2897 3306 3007 3370 se⁵

606 3412 825 3472 virum
882 3411 1250 3488 fulgentem
1290 3411 1358 3470 in
1417 3410 1568 3472 aete
1613 3418 1987 3472 moventem
2046 3429 2115 3471 se
2172 3411 2257 3471 ab
2312 3410 2617 3489 aqvilone
2672 3409 3007 3471 orientem

606 3529 858 3573 versus,
949 3511 1165 3572 *Item
1221 3510 1450 3571 scribit
1484 3512 1611 3571 Dn.
1650 3513 1850 3585 Jonas
1910 3510 2119 3580 Haki,
2153 3519 2378 3588 pastor
2434 3519 2501 3572 et
2548 3507 3000 3588 praepositus⁶,

607 3610 949 3672 mulierem
999 3610 1264 3670 nomine
1315 3608 1661 3671 Thrudam
1712 3609 1984 3671 Audolfi
2024 3606 2313 3672 enixam⁷
2366 3611 2534 3671 duos
2584 3609 3007 3684 infantulos;

603 3711 890 3789 priorem
919 3709 1182 3788 qvidem
1211 3709 1410 3786 juxta
1441 3711 1809 3771 naturalem
1840 3710 2136 3771 ordinem
2165 3719 2231 3771 et
2262 3709 2805 3771 consvetudinem
2854 3716 3005 3769 tam

606 3811 816 3890 qvoad
872 3819 1280 3870 crementum
1331 3828 1526 3888 qvam
1577 3810 2015 3871 secundarum
2074 3810 2516 3884 solutionem;
2562 3808 3004 3888 posteriorem

605 3931 762 3974 vero
793 3920 941 3989 post
965 3909 1216 3989 aliqvot
1246 3909 1388 3969 dies
1418 3920 1620 3971 noctu
1650 3909 1825 3971 inter
1852 3911 2314 3971 dormiendum
2343 3929 2623 3988 eumqve
2654 3917 3007 3971 mortuum

604 4032 680 4074 ac
735 4012 933 4073 solito
975 4011 1174 4085 longe
1231 4009 1571 4082 minorem,
1634 4007 1837 4090 [eirca
1895 4009 2091 4087 cujus
2146 4019 2410 4088 partum
2470 4010 2729 4072 nullum
2787 4009 3006 4072 sentit

599 4114 893 4174 dolorem
916 4118 1148 4189 utpote
1175 4108 1558 4171 dormien5.⁸
1644 4111 1875 4172 Pollex
1907 4110 2111 4185 hujus
2134 4110 2415 4172 abortivi
2446 4118 2688 4188 praeter
2718 4111 3007 4171 modum

603 4213 734 4275 fuit
767 4206 1060 4289 longus¹³

687 4321 885 4380 Anno
920 4320 1078 4379 1610
1121 4309 1199 4370 *2
1257 4309 1554 4388 Januarij
1611 4310 1839 4372 scribit
1900 4313 2060 4372 DnS.
2098 4312 2359 4374 Svenus
2415 4309 2724 4384 Simonis,
2760 4329 3003 4372 vener-

603 4413 816 4474 andus
843 4431 1050 4473 senex
1081 4419 1144 4472 et
1175 4407 1635 4488 praepositus¹⁰,
1672 4420 2057 4489 conspectas
2108 4411 2314 4472 fuisse
2346 4411 2645 4486 hyberno
2697 4419 3011 4488 tempore

615 4510 818 4592 [circa
850 4513 1094 4573 festum
1117 4507 1447 4572 Andreae¹¹
1469 4521 1602 4572 tres
1624 4511 1816 4572 lunas
1838 4511 2056 4585 simul,
2087 4512 2431 4572 conclusas
2450 4510 2698 4572 circulo
2720 4509 3003 4572 lucidis·

603 4613 789 4687 sim0,
825 4620 891 4674 et
943 4620 1329 4673 consecutas
1389 4611 1736 4672 horribiles
1791 4619 1858 4672 et
1917 4611 2219 4673 insolitas
2279 4618 2720 4688 tempestates
2813 4612 3007 4673 Item
