3242 5684
1050 605 1171 660 DE
1201 605 1771 660 MIRABILIBUS
2565 600 2642 672 67

242 777 667 850 holltaroetur,
746 778 1187 856 suijnamtur,
1236 776 1489 850 subkar,
1548 775 1959 858 fffflaroetun
2009 784 2298 857 sveppar,
2377 798 2635 852 murur,

241 877 653 956 fretmurur‚
702 877 1067 956 soetitdgier,
1104 875 1455 951 kaalubbe3
1502 877 1654 938 aliae
1682 877 1904 939 minus
1945 877 2326 952 esculentae,
2373 879 2442 939 in
2499 879 2639 957 qvi-

260 978 389 1039 bus
446 977 749 1056 qvaedam
808 975 980 1038 forte
1038 985 1403 1050 venenatae,
1470 985 1545 1038 ut
1606 977 1836 1056 geilla,
1908 977 2146 1057 hniJ‘sa,
2225 977 2637 1052 bleikiukala,

248 1077 568 1151 skollarbt,
598 1077 901 1150 lmattrbt,
930 1075 1489 1156 hraffnakluckur,
1518 1077 1812 1155 klofarbt,
1845 1077 2172 1151 sandhale,
2189 1077 2640 1158 fysesveppur,

236 1177 530 1257 gorktila
560 1199 576 1251 ;
634 1185 701 1239 et
744 1176 952 1238 variae
1002 1176 1279 1238 frutices
1331 1195 1507 1251 vero,
1544 1177 1693 1256 ling
1720 1177 2134 1239 diversorum
2167 1195 2484 1254 generum
2527 1195 2649 1257 pro

250 1277 576 1340 varietate
607 1276 969 1351 fructuum,
1008 1285 1083 1338 ut
1114 1285 1271 1338 sunt
1302 1275 1601 1350 bldberia,
1637 1275 2142 1350 adalbldberial„
2177 1277 2638 1352 kroekeberial.,

246 1376 690 1450 hrritabm’al„
742 1375 1050 1438 sblberial.
1066 1423 1079 1450 ,
1117 1375 1587 1455 jardarben‘al.
1602 1425 1615 1450 ,
1654 1377 2050 1456 mulm‘ngal.
2085 1378 2224 1440 sive
2273 1378 2641 1457 sortulijng,

246 1486 575 1556 praeterea
607 1476 929 1555 beitelz‘jng
956 1484 1022 1538 et
1054 1475 1283 1550 burkn,
1320 1476 1636 1539 tincturae
1663 1477 2039 1539 servientia.

334 1602 721 1674 Capitulum
771 1601 1015 1661 XXVI.
1106 1593 1429 1672 Plaeriqve
1486 1595 1811 1656 hactenus
1866 1602 2180 1672 putarant
2225 1594 2452 1657 orbam
2505 1613 2650 1656 esse

253 1694 541 1775 patriam
598 1702 891 1755 nostram
946 1692 1293 1754 arboribus
1348 1702 1591 1772 praeter
1649 1694 1940 1756 betulam
1997 1695 2228 1769 solam,
2281 1715 2368 1774 qv
2487 1695 2646 1756 olim

254 1793 725 1873 grandiuscule
755 1791 1081 1854 succrevit
1113 1792 1297 1865 adeo,
1335 1801 1409 1854 ut
1439 1793 1786 1855 domorum
1817 1794 2234 1856 investituris
2261 1814 2338 1856 ac
2383 1795 2649 1857 navicu-

254 1896 473 1956 larum
531 1893 721 1954 malis
776 1892 1029 1954 utiliter
1086 1892 1423 1954 servieret.
1519 1894 1720 1954 Nunc
1777 1911 1934 1954 vero
1993 1893 2204 1955 multo
2260 1895 2526 1972 parcius
2582 1903 2649 1956 et

255 1993 531 2072 segnius
559 1992 863 2071 provenit
896 2010 1016 2053 nec
1045 1991 1173 2052 nisi
1206 1993 1434 2070 paucis
1486 2000 1748 2054 tantum
1779 1993 1848 2054 in
1907 1993 2090 2054 lociS.
2182 1993 2330 2070 Ego
2386 1995 2650 2073 qvidem

256 2113 409 2156 cum
472 2093 674 2168 vulgo
731 2093 855 2153 hac
910 2101 1097 2170 parte
1168 2111 1647 2166 consenseram,
1737 2093 1850 2154 sed
1896 2110 1964 2153 re
2007 2092 2206 2171 paulo
2261 2092 2653 2169 diligentius

256 2193 530 2271 cognita
578 2194 771 2271 plura
798 2192 1201 2270 deprehendi
1226 2192 1575 2254 arbuscula
1608 2201 1724 2253 aut
1747 2191 1931 2271 qvasi
1962 2192 2270 2254 arborum
2289 2192 2644 2268 genimina,

256 2313 411 2373 qvae
439 2310 619 2353 nunc
648 2309 985 2353 recensere
1015 2292 1277 2352 animus
1306 2301 1427 2354 est.
1518 2291 1894 2371 Fialldrape
1923 2292 2288 2369 virgultum
2319 2301 2417 2354 est
2465 2293 2650 2353 humi

260 2395 398 2456 fere
416 2391 886 2469 serpenS‚sicut
905 2392 1106 2453 etiam
1118 2391 1466 2471 grdm’jder
1480 2411 1556 2452 ac
1580 2392 2000 2471 jbsturvidur
2015 2410 2164 2454 cum
2182 2392 2642 2469 rancia-fider,

260 2513 413 2572 qvae
440 2493 661 2554 omnia
691 2491 897 2552 cubiti
932 2491 1070 2552 fere
1099 2491 1587 2568 longitudinem
1612 2502 2054 2570 asseqvuntur
2071 2501 2134 2554 et
2159 2492 2354 2567 ultra,
2384 2494 2652 2572 qvibus·

262 2595 417 2654 dam
446 2592 609 2654 locis
653 2592 756 2653 vel
784 2609 1050 2669 passum
1094 2599 1378 2670 aeqvant,
1416 2609 1646 2652 verum
1675 2592 1892 2670 ipsum
1940 2611 2150 2670 genus
2179 2594 2450 2668 arboriS,
2481 2613 2652 2656 com-

265 2693 451 2754 muni
476 2691 739 2753 nomine
764 2691 979 2766 vyder,
1011 2691 1115 2752 vel
1140 2709 1213 2768 13
1229 2691 1489 2752 cubitos
1518 2691 1694 2769 apud
1720 2711 1840 2753 nos
1855 2693 2169 2770 possidet.
2261 2693 2652 2754 Humalvid-

270 2815 371 2867 ur,
425 2791 799 2872 tcigavidur,
853 2790 1463 2870 hn’fistrungsvzdur
1501 2809 1738 2869 parum
1783 2792 1865 2853 ab
1910 2792 2014 2853 his
2057 2793 2373 2854 differunt
2422 2794 2486 2853 in
2533 2812 2653 2854 sua

266 2893 502 2973 specie.
595 2891 1010 2970 Reynevidur
1034 2909 1189 2952 vero
1220 2891 1513 2952 betulam
1559 2900 1776 2969 aeqvat
1810 2891 2013 2952 ferme
2057 2913 2186 2969 qvo
2217 2893 2297 2952 ad
2359 2894 2651 2969 longitu-

268 2995 490 3054 dinem
520 2993 733 3053 multo
776 3000 999 3052 autem
1057 2991 1321 3052 tenuior
1364 2991 1444 3050 ad
1480 3009 1561 3052 20
1605 2992 1795 3051 ulnas
1824 2999 1889 3051 et
1937 2993 2131 3064 ultra,
2168 2993 2467 3069 qvamvis
2495 2993 2653 3053 alibi

266 3112 523 3172 qvoqve
580 3100 646 3152 et
674 3109 869 3170 parce
924 3100 991 3152 et
1023 3091 1315 3151 tenuiter
1372 3091 1728 3152 admodum
1785 3091 2150 3168 proveniat.
2243 3089 2418 3152 Tum
2475 3090 2651 3168 juni·

268 3212 465 3273 perus
507 3210 659 3253 cum
687 3191 827 3252 suis
869 3191 1199 3252 fructibus
1229 3199 1467 3251 terram
1513 3198 1806 3250 nostram
1837 3189 2078 3268 passim
2108 3199 2320 3264 ornat,
2357 3191 2657 3270 qvamvis

268 3294 389 3355 vix
418 3292 621 3353 altius
648 3300 953 3366 assurgat
984 3290 1295 3351 nimirum
1319 3290 1386 3349 in
1420 3291 1738 3364 arborem,
1776 3291 2084 3369 qvoniam
2113 3291 2404 3368 virgulta
2433 3291 2658 3370 potius

266 3393 541 3465 dixeriS‚
572 3411 723 3452 nam
755 3390 1019 3452 videtur
1048 3390 1315 3451 nivibus
1344 3390 1628 3452 assiduis
1657 3390 1982 3468 impediri,
2019 3410 2146 3468 qvo
2178 3391 2395 3451 minus
2424 3392 2505 3451 ad
2538 3410 2654 3452 ex-

268 3494 613 3556 cellentem
636 3491 1074 3570 qvantitatem
1093 3490 1485 3550 naturaliter
1507 3490 1712 3568 possit
1736 3490 2098 3568 pervenire.
2191 3491 2319 3553 Sed
2360 3491 2659 3570 profecto

270 3594 512 3665 nescio,
548 3611 631 3651 an
662 3599 1037 3670 procreator
1077 3590 1394 3662 omnium,
1436 3592 1634 3662 DeuS,
1673 3590 2072 3668 reliqvarum
2103 3591 2304 3652 etiam
2351 3593 2659 3654 arborum

266 3702 661 3773 proventum
720 3691 875 3751 huic
933 3690 1073 3751 solo
1131 3689 1495 3766 negaverit.
1590 3691 2086 3768 Repperiuntur
2143 3693 2320 3752 enim
2379 3694 2661 3770 vestigia

268 3792 588 3855 nonnulla
622 3801 757 3851 tam
792 3791 859 3850 in
910 3789 1272 3850 visceribus
1302 3798 1497 3850 terrae
1542 3789 1896 3867 aliqvando
1940 3810 2134 3869 qvam
2165 3811 2419 3871 qvoqve
2463 3811 2661 3872 supra

264 3893 542 3955 eandem
600 3891 769 3951 alius
853 3889 1112 3966 generis
1170 3889 1497 3961 arborum,
1562 3889 1758 3966 cujus
1815 3890 1908 3951 rei
1968 3891 2150 3969 qvasi
2212 3893 2661 3954 testimonium

267 3994 507 4054 addam
539 3991 837 4052 arborem
867 3989 1195 4066 insignem
1225 3989 1577 4067 praecipue,
1609 4009 1758 4067 qvae
1787 3999 1977 4050 extat
1997 3990 2065 4050 in
2098 3991 2418 4062 altissimo
2443 3993 2662 4053 fronte

272 4092 515 4153 montis
586 4073 1189 4165 Eyiafibrdensium
1254 4089 1429 4166 apud
1495 4089 1821 4166 praedium
1877 4088 2254 4162 M'ddrufell,
2307 4090 2450 4151 loco
2501 4092 2664 4152 satis

275 4210 554 4264 amoeno,
579 4209 783 4251 saxeo
813 4198 1033 4250 tamen
1066 4188 1451 4249 umbraculo
1480 4188 1947 4249 convenienter
1975 4187 2249 4250 munito,
2344 4189 2477 4250 Hic
2505 4189 2664 4252 olim

275 4293 490 4353 fuerat
508 4289 893 4369 praecellens
915 4289 1109 4349 arbor
1127 4288 1265 4350 sola
1285 4287 1774 4364 grandiusculae
1793 4286 2168 4348 altitudinis
2209 4288 2408 4348 ramis
2429 4291 2667 4352 erectis

274 4401 469 4471 atqve
527 4389 831 4466 oblongis
876 4387 1057 4464 folijs
1114 4397 1433 4465 praeterea
1491 4396 1557 4449 et
1618 4388 1948 4448 fructibus
2006 4387 2431 4462 nobilissima,
2469 4409 2664 4467 qvam

280 4511 428 4554 vere
457 4491 720 4551 laurum
751 4487 956 4549 fuisse
986 4487 1287 4558 arbitror,
1320 4486 1563 4548 ibidem
1593 4495 1864 4565 propter
1893 4487 2416 4564 oportunitatem
2448 4489 2573 4550 loci
2628 4510 2665 4550 a

279 4591 584 4668 religioso
614 4587 896 4668 qvodam
928 4586 1222 4665 antiqvae
1252 4585 1402 4646 fidei
1433 4595 1646 4647 satam
1677 4596 1792 4647 aut
1823 4585 2146 4663 singulari
2180 4587 2496 4649 beneficio
2544 4591 2665 4650 Dei
