<?xml version="1.0" encoding="UTF-8"?>
<!DOCTYPE html PUBLIC "-//W3C//DTD XHTML 1.0 Transitional//EN"
    "http://www.w3.org/TR/xhtml1/DTD/xhtml1-transitional.dtd">
<html xmlns="http://www.w3.org/1999/xhtml" xml:lang="en" lang="en">
 <head>
  <title>
</title>
<meta http-equiv="Content-Type" content="text/html;charset=utf-8" />
  <meta name='ocr-system' content='tesseract 3.04.00' />
  <meta name='ocr-capabilities' content='ocr_page ocr_carea ocr_par ocr_line ocrx_word'/>
</head>
<body>
  <div class='ocr_page' id='page_1' title='image "annaliuminislan00hermgoog_0041.png"; bbox 0 0 3242 5684; ppageno 0'>
   <div class='ocr_carea' id='block_1_1' title="bbox 647 643 2065 710">
    <p class='ocr_par' dir='ltr' id='par_1_1' title="bbox 647 643 2065 710">
     <span class='ocr_line' id='line_1_1' title="bbox 647 643 2065 710; baseline 0.003 -16"><span class='ocrx_word' id='word_1_1' title='bbox 647 651 724 710; x_wconf 85' lang='lat'>14</span> <span class='ocrx_word' id='word_1_2' title='bbox 1597 643 2065 698; x_wconf 83' lang='lat' dir='ltr'><em>ISLANDICA</em></span> 
     </span>
    </p>
   </div>
   <div class='ocr_carea' id='block_1_2' title="bbox 633 809 3039 4306">
    <p class='ocr_par' dir='ltr' id='par_1_2' title="bbox 633 809 3039 4306">
     <span class='ocr_line' id='line_1_2' title="bbox 639 809 3029 891; baseline -0.001 -17"><span class='ocrx_word' id='word_1_3' title='bbox 639 811 1080 891; x_wconf 78' lang='lat' dir='ltr'>copulationis</span> <span class='ocrx_word' id='word_1_4' title='bbox 1107 811 1436 886; x_wconf 78' lang='lat' dir='ltr'><strong>recitaret,</strong></span> <span class='ocrx_word' id='word_1_5' title='bbox 1471 811 1681 874; x_wconf 89' lang='lat' dir='ltr'>tantis</span> <span class='ocrx_word' id='word_1_6' title='bbox 1708 811 2106 876; x_wconf 91' lang='lat' dir='ltr'>clamoribus</span> <span class='ocrx_word' id='word_1_7' title='bbox 2148 829 2323 874; x_wconf 86' lang='lat' dir='ltr'>uxor</span> <span class='ocrx_word' id='word_1_8' title='bbox 2370 810 2601 874; x_wconf 84' lang='lat' dir='ltr'>futura</span> <span class='ocrx_word' id='word_1_9' title='bbox 2650 809 3029 882; x_wconf 87' lang='lat' dir='ltr'>infremuit,</span> 
     </span>
     <span class='ocr_line' id='line_1_3' title="bbox 642 911 3035 992; baseline -0.001 -18"><span class='ocrx_word' id='word_1_10' title='bbox 642 922 716 974; x_wconf 89' lang='lat' dir='ltr'>ut</span> <span class='ocrx_word' id='word_1_11' title='bbox 765 931 885 975; x_wconf 93' lang='lat' dir='ltr'>nec</span> <span class='ocrx_word' id='word_1_12' title='bbox 911 913 1054 992; x_wconf 88' lang='lat' dir='ltr'>ipsa</span> <span class='ocrx_word' id='word_1_13' title='bbox 1102 931 1224 974; x_wconf 91' lang='lat' dir='ltr'>nec</span> <span class='ocrx_word' id='word_1_14' title='bbox 1253 911 1366 990; x_wconf 85' lang='lat' dir='ltr'>alij</span> <span class='ocrx_word' id='word_1_15' title='bbox 1420 921 1783 991; x_wconf 62' lang='lat' dir='ltr'>praesentes</span> <span class='ocrx_word' id='word_1_16' title='bbox 1808 912 2235 976; x_wconf 78' lang='lat' dir='ltr'>sustinerent.</span> <span class='ocrx_word' id='word_1_17' title='bbox 2330 911 2579 973; x_wconf 85' lang='lat' dir='ltr'>Dicunt</span> <span class='ocrx_word' id='word_1_18' title='bbox 2628 919 2875 986; x_wconf 87' lang='lat' dir='ltr'>autem,</span> <span class='ocrx_word' id='word_1_19' title='bbox 2911 911 3035 991; x_wconf 84' lang='lat' dir='ltr'>qvi</span> 
     </span>
     <span class='ocr_line' id='line_1_4' title="bbox 639 1011 3037 1092; baseline -0.001 -18"><span class='ocrx_word' id='word_1_20' title='bbox 639 1011 966 1090; x_wconf 81' lang='lat' dir='ltr'>eiusmodi</span> <span class='ocrx_word' id='word_1_21' title='bbox 996 1019 1256 1092; x_wconf 89' lang='lat' dir='ltr'>spectra</span> <span class='ocrx_word' id='word_1_22' title='bbox 1285 1013 1510 1074; x_wconf 85' lang='lat' dir='ltr'>videre</span> <span class='ocrx_word' id='word_1_23' title='bbox 1551 1013 1787 1086; x_wconf 83' lang='lat' dir='ltr'>solent,</span> <span class='ocrx_word' id='word_1_24' title='bbox 1822 1011 2161 1076; x_wconf 90' lang='lat' dir='ltr'>diabolum</span> <span class='ocrx_word' id='word_1_25' title='bbox 2219 1011 2398 1075; x_wconf 86' lang='lat' dir='ltr'>Ivari</span> <span class='ocrx_word' id='word_1_26' title='bbox 2428 1011 2647 1091; x_wconf 87' lang='lat' dir='ltr'>specie</span> <span class='ocrx_word' id='word_1_27' title='bbox 2704 1011 3037 1074; x_wconf 54' lang='lat' dir='ltr'>vestitum</span> 
     </span>
     <span class='ocr_line' id='line_1_5' title="bbox 641 1111 3037 1192; baseline -0.001 -18"><span class='ocrx_word' id='word_1_28' title='bbox 641 1130 787 1174; x_wconf 90' lang='lat' dir='ltr'>eam</span> <span class='ocrx_word' id='word_1_29' title='bbox 833 1121 996 1176; x_wconf 88' lang='lat' dir='ltr'>tunc</span> <span class='ocrx_word' id='word_1_30' title='bbox 1035 1113 1371 1175; x_wconf 86' lang='lat' dir='ltr'>territasse</span> <span class='ocrx_word' id='word_1_31' title='bbox 1403 1120 1479 1175; x_wconf 90' lang='lat' dir='ltr'>ut</span> <span class='ocrx_word' id='word_1_32' title='bbox 1528 1121 1596 1175; x_wconf 90' lang='lat' dir='ltr'>et</span> <span class='ocrx_word' id='word_1_33' title='bbox 1646 1112 2069 1192; x_wconf 86' lang='lat' dir='ltr'>postmodum</span> <span class='ocrx_word' id='word_1_34' title='bbox 2096 1131 2373 1192; x_wconf 89' lang='lat' dir='ltr'>semper,</span> <span class='ocrx_word' id='word_1_35' title='bbox 2408 1111 2669 1192; x_wconf 87' lang='lat' dir='ltr'>qvoties</span> <span class='ocrx_word' id='word_1_36' title='bbox 2694 1111 3037 1172; x_wconf 78' lang='lat' dir='ltr'>similibus</span> 
     </span>
     <span class='ocr_line' id='line_1_6' title="bbox 637 1209 3037 1276; baseline -0.001 -2"><span class='ocrx_word' id='word_1_37' title='bbox 637 1212 1223 1275; x_wconf 78' lang='lat' dir='ltr'>vociferationibus</span> <span class='ocrx_word' id='word_1_38' title='bbox 1291 1211 1528 1275; x_wconf 75' lang='lat' dir='ltr'>misere</span> <span class='ocrx_word' id='word_1_39' title='bbox 1610 1213 2145 1276; x_wconf 76' lang='lat' dir='ltr'>excruciabatur.</span> <span class='ocrx_word' id='word_1_40' title='bbox 2274 1209 2575 1275; x_wconf 82' lang='lat' dir='ltr'>Tandem</span> <span class='ocrx_word' id='word_1_41' title='bbox 2658 1213 3037 1274; x_wconf 71' lang='lat' dir='ltr'>advooetur</span> 
     </span>
     <span class='ocr_line' id='line_1_7' title="bbox 633 1309 3033 1392; baseline -0.001 -18"><span class='ocrx_word' id='word_1_42' title='bbox 633 1309 1010 1375; x_wconf 82' lang='lat' dir='ltr'>Thorlevus</span> <span class='ocrx_word' id='word_1_43' title='bbox 1035 1309 1410 1386; x_wconf 84' lang='lat' dir='ltr'>Theodori¹,</span> <span class='ocrx_word' id='word_1_44' title='bbox 1447 1313 1558 1392; x_wconf 87' lang='lat' dir='ltr'>qvi</span> <span class='ocrx_word' id='word_1_45' title='bbox 1587 1312 1949 1375; x_wconf 78' lang='lat' dir='ltr'>adveniens</span> <span class='ocrx_word' id='word_1_46' title='bbox 1976 1312 2117 1374; x_wconf 85' lang='lat' dir='ltr'>sive</span> <span class='ocrx_word' id='word_1_47' title='bbox 2144 1311 2697 1392; x_wconf 85' lang='lat' dir='ltr'>praecantationes</span> <span class='ocrx_word' id='word_1_48' title='bbox 2734 1311 2877 1374; x_wconf 88' lang='lat' dir='ltr'>sive</span> <span class='ocrx_word' id='word_1_49' title='bbox 2906 1331 3033 1372; x_wconf 87' lang='lat' dir='ltr'>ex·</span> 
     </span>
     <span class='ocr_line' id='line_1_8' title="bbox 635 1411 3036 1492; baseline -0.001 -18"><span class='ocrx_word' id='word_1_50' title='bbox 635 1413 950 1476; x_wconf 85' lang='lat' dir='ltr'>orcismos</span> <span class='ocrx_word' id='word_1_51' title='bbox 995 1431 1152 1475; x_wconf 88' lang='lat' dir='ltr'>suos</span> <span class='ocrx_word' id='word_1_52' title='bbox 1193 1413 1606 1476; x_wconf 84' lang='lat' dir='ltr'>excercuisse</span> <span class='ocrx_word' id='word_1_53' title='bbox 1642 1412 1856 1476; x_wconf 85' lang='lat' dir='ltr'>fertur</span> <span class='ocrx_word' id='word_1_54' title='bbox 1900 1411 2239 1486; x_wconf 75' lang='lat' dir='ltr'>strennue,</span> <span class='ocrx_word' id='word_1_55' title='bbox 2274 1411 2515 1492; x_wconf 85' lang='lat' dir='ltr'>qvibus</span> <span class='ocrx_word' id='word_1_56' title='bbox 2542 1411 2865 1492; x_wconf 84' lang='lat' dir='ltr'>impostor</span> <span class='ocrx_word' id='word_1_57' title='bbox 2910 1412 3036 1472; x_wconf 90' lang='lat' dir='ltr'>ille</span> 
     </span>
     <span class='ocr_line' id='line_1_9' title="bbox 637 1511 3035 1593; baseline -0.001 -20"><span class='ocrx_word' id='word_1_58' title='bbox 637 1512 887 1592; x_wconf 90' lang='lat' dir='ltr'>aliqvot</span> <span class='ocrx_word' id='word_1_59' title='bbox 916 1521 1146 1574; x_wconf 89' lang='lat' dir='ltr'>noctes</span> <span class='ocrx_word' id='word_1_60' title='bbox 1172 1513 1359 1593; x_wconf 85' lang='lat' dir='ltr'>qvasi</span> <span class='ocrx_word' id='word_1_61' title='bbox 1415 1512 1635 1574; x_wconf 89' lang='lat' dir='ltr'>cessit.</span> <span class='ocrx_word' id='word_1_62' title='bbox 1726 1514 2059 1575; x_wconf 85' lang='lat' dir='ltr'>Reversus</span> <span class='ocrx_word' id='word_1_63' title='bbox 2088 1531 2245 1574; x_wconf 85' lang='lat' dir='ltr'>vero</span> <span class='ocrx_word' id='word_1_64' title='bbox 2299 1519 2487 1574; x_wconf 88' lang='lat' dir='ltr'>tanto</span> <span class='ocrx_word' id='word_1_65' title='bbox 2515 1511 2735 1574; x_wconf 86' lang='lat' dir='ltr'>acrius</span> <span class='ocrx_word' id='word_1_66' title='bbox 2789 1511 3035 1590; x_wconf 85' lang='lat' dir='ltr'>malig-</span> 
     </span>
     <span class='ocr_line' id='line_1_10' title="bbox 641 1611 3037 1692; baseline -0.001 -18"><span class='ocrx_word' id='word_1_67' title='bbox 641 1612 921 1692; x_wconf 86' lang='lat' dir='ltr'>niusqve</span> <span class='ocrx_word' id='word_1_68' title='bbox 977 1612 1354 1686; x_wconf 65' lang='lat' dir='ltr'>infestabat,</span> <span class='ocrx_word' id='word_1_69' title='bbox 1391 1621 1466 1675; x_wconf 92' lang='lat' dir='ltr'>ut</span> <span class='ocrx_word' id='word_1_70' title='bbox 1520 1611 1875 1675; x_wconf 70' lang='lat' dir='ltr'>exorcistae</span> <span class='ocrx_word' id='word_1_71' title='bbox 1904 1611 2029 1692; x_wconf 88' lang='lat' dir='ltr'>ipsi</span> <span class='ocrx_word' id='word_1_72' title='bbox 2084 1611 2266 1692; x_wconf 89' lang='lat' dir='ltr'>(ipso</span> <span class='ocrx_word' id='word_1_73' title='bbox 2294 1612 2657 1688; x_wconf 81' lang='lat' dir='ltr'>referente)</span> <span class='ocrx_word' id='word_1_74' title='bbox 2706 1629 3037 1690; x_wconf 87' lang='lat' dir='ltr'>magnum</span> 
     </span>
     <span class='ocr_line' id='line_1_11' title="bbox 643 1711 3037 1790; baseline -0 -17"><span class='ocrx_word' id='word_1_75' title='bbox 643 1713 986 1790; x_wconf 86' lang='lat' dir='ltr'>negotium</span> <span class='ocrx_word' id='word_1_76' title='bbox 1017 1713 1268 1786; x_wconf 89' lang='lat' dir='ltr'>fecerit,</span> <span class='ocrx_word' id='word_1_77' title='bbox 1295 1714 1456 1776; x_wconf 91' lang='lat' dir='ltr'>dum</span> <span class='ocrx_word' id='word_1_78' title='bbox 1473 1715 1785 1775; x_wconf 85' lang='lat' dir='ltr'>humeros</span> <span class='ocrx_word' id='word_1_79' title='bbox 1811 1711 2267 1775; x_wconf 83' lang='lat' dir='ltr'>afflictissimae</span> <span class='ocrx_word' id='word_1_80' title='bbox 2298 1712 2713 1790; x_wconf 66' lang='lat' dir='ltr'>mulierculae</span> <span class='ocrx_word' id='word_1_81' title='bbox 2740 1712 3037 1774; x_wconf 82' lang='lat' dir='ltr'>aliorum</span> 
     </span>
     <span class='ocr_line' id='line_1_12' title="bbox 641 1811 3039 1891; baseline -0.001 -16"><span class='ocrx_word' id='word_1_82' title='bbox 641 1813 842 1875; x_wconf 89' lang='lat' dir='ltr'>etiam</span> <span class='ocrx_word' id='word_1_83' title='bbox 869 1831 1066 1891; x_wconf 89' lang='lat' dir='ltr'>opera</span> <span class='ocrx_word' id='word_1_84' title='bbox 1095 1812 1370 1891; x_wconf 86' lang='lat' dir='ltr'>adjutus</span> <span class='ocrx_word' id='word_1_85' title='bbox 1397 1813 1725 1876; x_wconf 87' lang='lat' dir='ltr'>sustinere</span> <span class='ocrx_word' id='word_1_86' title='bbox 1752 1813 2135 1886; x_wconf 87' lang='lat' dir='ltr'>conabatur,</span> <span class='ocrx_word' id='word_1_87' title='bbox 2172 1832 2254 1873; x_wconf 88' lang='lat' dir='ltr'>ne</span> <span class='ocrx_word' id='word_1_88' title='bbox 2284 1811 2456 1874; x_wconf 85' lang='lat' dir='ltr'>forte</span> <span class='ocrx_word' id='word_1_89' title='bbox 2486 1813 2871 1874; x_wconf 88' lang='lat' dir='ltr'>incarnatus</span> <span class='ocrx_word' id='word_1_90' title='bbox 2900 1811 3039 1873; x_wconf 89' lang='lat' dir='ltr'>iste</span> 
     </span>
     <span class='ocr_line' id='line_1_13' title="bbox 640 1912 3038 1993; baseline -0.001 -19"><span class='ocrx_word' id='word_1_91' title='bbox 640 1913 945 1975; x_wconf 89' lang='lat' dir='ltr'>diabolus</span> <span class='ocrx_word' id='word_1_92' title='bbox 965 1913 1025 1976; x_wconf 90' lang='lat' dir='ltr'>ei</span> <span class='ocrx_word' id='word_1_93' title='bbox 1047 1921 1416 1992; x_wconf 80' lang='lat' dir='ltr'>prostratae,</span> <span class='ocrx_word' id='word_1_94' title='bbox 1448 1922 1522 1977; x_wconf 90' lang='lat' dir='ltr'>ut</span> <span class='ocrx_word' id='word_1_95' title='bbox 1540 1912 1785 1992; x_wconf 85' lang='lat' dir='ltr'>ajebat,</span> <span class='ocrx_word' id='word_1_96' title='bbox 1814 1913 1951 1974; x_wconf 85' lang='lat' dir='ltr'>vim</span> <span class='ocrx_word' id='word_1_97' title='bbox 1973 1913 2341 1993; x_wconf 85' lang='lat' dir='ltr'>vitiumqve</span> <span class='ocrx_word' id='word_1_98' title='bbox 2358 1913 2655 1976; x_wconf 88' lang='lat' dir='ltr'>inferret.</span> <span class='ocrx_word' id='word_1_99' title='bbox 2706 1912 3038 1974; x_wconf 85' lang='lat' dir='ltr'>Referent</span> 
     </span>
     <span class='ocr_line' id='line_1_14' title="bbox 642 2012 3037 2092; baseline -0.001 -18"><span class='ocrx_word' id='word_1_100' title='bbox 642 2013 944 2076; x_wconf 85' lang='lat' dir='ltr'>homines</span> <span class='ocrx_word' id='word_1_101' title='bbox 988 2013 1316 2090; x_wconf 73' lang='lat' dir='ltr'>eiusmodi</span> <span class='ocrx_word' id='word_1_102' title='bbox 1343 2021 1602 2092; x_wconf 89' lang='lat' dir='ltr'>spectra</span> <span class='ocrx_word' id='word_1_103' title='bbox 1651 2013 1829 2075; x_wconf 88' lang='lat' dir='ltr'>soliti</span> <span class='ocrx_word' id='word_1_104' title='bbox 1862 2013 2107 2086; x_wconf 85' lang='lat' dir='ltr'>videre,</span> <span class='ocrx_word' id='word_1_105' title='bbox 2144 2012 2389 2074; x_wconf 85' lang='lat' dir='ltr'>vidisse</span> <span class='ocrx_word' id='word_1_106' title='bbox 2417 2031 2488 2074; x_wconf 90' lang='lat' dir='ltr'>se</span> <span class='ocrx_word' id='word_1_107' title='bbox 2518 2012 2611 2074; x_wconf 92' lang='lat' dir='ltr'>ibi</span> <span class='ocrx_word' id='word_1_108' title='bbox 2640 2013 3037 2074; x_wconf 87' lang='lat' dir='ltr'>oberrantes</span> 
     </span>
     <span class='ocr_line' id='line_1_15' title="bbox 641 2112 3029 2192; baseline -0.001 -16"><span class='ocrx_word' id='word_1_109' title='bbox 641 2113 871 2192; x_wconf 91' lang='lat' dir='ltr'>genios</span> <span class='ocrx_word' id='word_1_110' title='bbox 887 2114 1072 2188; x_wconf 79' lang='lat' dir='ltr'>duoS,</span> <span class='ocrx_word' id='word_1_111' title='bbox 1109 2113 1288 2176; x_wconf 88' lang='lat' dir='ltr'>Ivari</span> <span class='ocrx_word' id='word_1_112' title='bbox 1309 2113 1564 2176; x_wconf 90' lang='lat' dir='ltr'>scilicet</span> <span class='ocrx_word' id='word_1_113' title='bbox 1592 2121 1659 2175; x_wconf 89' lang='lat' dir='ltr'>et</span> <span class='ocrx_word' id='word_1_114' title='bbox 1676 2116 1886 2189; x_wconf 89' lang='lat' dir='ltr'>Jonae,</span> <span class='ocrx_word' id='word_1_115' title='bbox 1912 2130 2215 2192; x_wconf 89' lang='lat' dir='ltr'>eumqve,</span> <span class='ocrx_word' id='word_1_116' title='bbox 2240 2113 2351 2192; x_wconf 89' lang='lat' dir='ltr'>qvi</span> <span class='ocrx_word' id='word_1_117' title='bbox 2376 2115 2647 2176; x_wconf 77' lang='lat' dir='ltr'>Ivarum</span> <span class='ocrx_word' id='word_1_118' title='bbox 2670 2112 3029 2184; x_wconf 86' lang='lat' dir='ltr'>referebat,</span> 
     </span>
     <span class='ocr_line' id='line_1_16' title="bbox 640 2201 3039 2294; baseline -0.001 -18"><span class='ocrx_word' id='word_1_119' title='bbox 640 2213 993 2293; x_wconf 88' lang='lat' dir='ltr'>pulpitum,</span> <span class='ocrx_word' id='word_1_120' title='bbox 1030 2215 1100 2274; x_wconf 94' lang='lat' dir='ltr'>in</span> <span class='ocrx_word' id='word_1_121' title='bbox 1156 2233 1288 2294; x_wconf 88' lang='lat' dir='ltr'>qvo</span> <span class='ocrx_word' id='word_1_122' title='bbox 1343 2201 1583 2276; x_wconf 85' lang='lat' dir='ltr'>mulier</span> <span class='ocrx_word' id='word_1_123' title='bbox 1637 2213 1767 2276; x_wconf 85' lang='lat' dir='ltr'>ista</span> <span class='ocrx_word' id='word_1_124' title='bbox 1824 2213 2189 2288; x_wconf 87' lang='lat' dir='ltr'>recubarat,</span> <span class='ocrx_word' id='word_1_125' title='bbox 2228 2230 2586 2290; x_wconf 88' lang='lat' dir='ltr'>agressum,</span> <span class='ocrx_word' id='word_1_126' title='bbox 2622 2213 2820 2292; x_wconf 65' lang='lat' dir='ltr'>pedae</span> <span class='ocrx_word' id='word_1_127' title='bbox 2874 2212 3039 2290; x_wconf 74' lang='lat' dir='ltr'>eius</span> 
     </span>
     <span class='ocr_line' id='line_1_17' title="bbox 642 2311 3038 2393; baseline -0.001 -17"><span class='ocrx_word' id='word_1_128' title='bbox 642 2314 968 2376; x_wconf 89' lang='lat' dir='ltr'>violenter</span> <span class='ocrx_word' id='word_1_129' title='bbox 1011 2313 1428 2393; x_wconf 89' lang='lat' dir='ltr'>corripuisse,</span> <span class='ocrx_word' id='word_1_130' title='bbox 1481 2331 1556 2375; x_wconf 89' lang='lat' dir='ltr'>ut</span> <span class='ocrx_word' id='word_1_131' title='bbox 1603 2313 1729 2375; x_wconf 83' lang='lat' dir='ltr'>sibi</span> <span class='ocrx_word' id='word_1_132' title='bbox 1772 2313 2157 2387; x_wconf 84' lang='lat' dir='ltr'>attraheret,</span> <span class='ocrx_word' id='word_1_133' title='bbox 2210 2331 2364 2375; x_wconf 90' lang='lat' dir='ltr'>cum</span> <span class='ocrx_word' id='word_1_134' title='bbox 2410 2313 2690 2375; x_wconf 83' lang='lat' dir='ltr'>verbum</span> <span class='ocrx_word' id='word_1_135' title='bbox 2717 2311 3038 2373; x_wconf 87' lang='lat' dir='ltr'>divinum</span> 
     </span>
     <span class='ocr_line' id='line_1_18' title="bbox 644 2413 3039 2492; baseline -0.001 -16"><span class='ocrx_word' id='word_1_136' title='bbox 644 2422 1062 2488; x_wconf 87' lang='lat' dir='ltr'>tractaretur,</span> <span class='ocrx_word' id='word_1_137' title='bbox 1113 2422 1376 2476; x_wconf 89' lang='lat' dir='ltr'>tantum</span> <span class='ocrx_word' id='word_1_138' title='bbox 1447 2413 1627 2477; x_wconf 85' lang='lat' dir='ltr'>foras</span> <span class='ocrx_word' id='word_1_139' title='bbox 1694 2431 2031 2491; x_wconf 85' lang='lat' dir='ltr'>egressum</span> <span class='ocrx_word' id='word_1_140' title='bbox 2100 2413 2325 2474; x_wconf 89' lang='lat' dir='ltr'>subito</span> <span class='ocrx_word' id='word_1_141' title='bbox 2396 2413 2759 2492; x_wconf 75' lang='lat' dir='ltr'>repedasse.</span> <span class='ocrx_word' id='word_1_142' title='bbox 2883 2414 3039 2474; x_wconf 88' lang='lat' dir='ltr'>Nec</span> 
     </span>
     <span class='ocr_line' id='line_1_19' title="bbox 641 2511 3039 2592; baseline -0.001 -18"><span class='ocrx_word' id='word_1_143' title='bbox 641 2511 1018 2576; x_wconf 83' lang='lat' dir='ltr'>Thorlevus</span> <span class='ocrx_word' id='word_1_144' title='bbox 1059 2514 1185 2576; x_wconf 87' lang='lat' dir='ltr'>iste</span> <span class='ocrx_word' id='word_1_145' title='bbox 1216 2515 1474 2576; x_wconf 86' lang='lat' dir='ltr'>miserae</span> <span class='ocrx_word' id='word_1_146' title='bbox 1529 2514 1824 2576; x_wconf 85' lang='lat' dir='ltr'>foeminae</span> <span class='ocrx_word' id='word_1_147' title='bbox 1851 2514 2243 2592; x_wconf 87' lang='lat' dir='ltr'>persuadere</span> <span class='ocrx_word' id='word_1_148' title='bbox 2300 2521 2581 2592; x_wconf 89' lang='lat' dir='ltr'>poterat,</span> <span class='ocrx_word' id='word_1_149' title='bbox 2618 2521 2694 2576; x_wconf 90' lang='lat' dir='ltr'>nt</span> <span class='ocrx_word' id='word_1_150' title='bbox 2751 2513 3039 2591; x_wconf 87' lang='lat' dir='ltr'>genium</span> 
     </span>
     <span class='ocr_line' id='line_1_20' title="bbox 645 2610 3037 2694; baseline -0 -19"><span class='ocrx_word' id='word_1_151' title='bbox 645 2613 831 2676; x_wconf 89' lang='lat' dir='ltr'>illum</span> <span class='ocrx_word' id='word_1_152' title='bbox 863 2614 970 2676; x_wconf 89' lang='lat' dir='ltr'>vel</span> <span class='ocrx_word' id='word_1_153' title='bbox 1001 2632 1134 2676; x_wconf 89' lang='lat' dir='ltr'>uno</span> <span class='ocrx_word' id='word_1_154' title='bbox 1163 2632 1394 2694; x_wconf 89' lang='lat' dir='ltr'>aspero</span> <span class='ocrx_word' id='word_1_155' title='bbox 1421 2615 1625 2677; x_wconf 89' lang='lat' dir='ltr'>verbo</span> <span class='ocrx_word' id='word_1_156' title='bbox 1653 2614 1969 2692; x_wconf 87' lang='lat' dir='ltr'>abigeret.</span> <span class='ocrx_word' id='word_1_157' title='bbox 2060 2610 2355 2674; x_wconf 84' lang='lat' dir='ltr'>Tantum</span> <span class='ocrx_word' id='word_1_158' title='bbox 2390 2621 2613 2675; x_wconf 85' lang='lat' dir='ltr'>autem</span> <span class='ocrx_word' id='word_1_159' title='bbox 2663 2614 2911 2686; x_wconf 86' lang='lat' dir='ltr'>aberat,</span> <span class='ocrx_word' id='word_1_160' title='bbox 2950 2621 3037 2674; x_wconf 85' lang='lat' dir='ltr'>ut</span> 
     </span>
     <span class='ocr_line' id='line_1_21' title="bbox 641 2713 3039 2792; baseline -0 -16"><span class='ocrx_word' id='word_1_161' title='bbox 641 2714 939 2776; x_wconf 90' lang='lat' dir='ltr'>omnium</span> <span class='ocrx_word' id='word_1_162' title='bbox 965 2714 1230 2776; x_wconf 91' lang='lat' dir='ltr'>illorum</span> <span class='ocrx_word' id='word_1_163' title='bbox 1257 2715 1670 2777; x_wconf 87' lang='lat' dir='ltr'>diabolorum</span> <span class='ocrx_word' id='word_1_164' title='bbox 1704 2713 1817 2791; x_wconf 89' lang='lat' dir='ltr'>(ut</span> <span class='ocrx_word' id='word_1_165' title='bbox 1859 2713 2113 2792; x_wconf 85' lang='lat' dir='ltr'>ajebat)</span> <span class='ocrx_word' id='word_1_166' title='bbox 2151 2714 2256 2776; x_wconf 88' lang='lat' dir='ltr'>vel</span> <span class='ocrx_word' id='word_1_167' title='bbox 2310 2713 2585 2774; x_wconf 86' lang='lat' dir='ltr'>insidias</span> <span class='ocrx_word' id='word_1_168' title='bbox 2612 2713 2862 2775; x_wconf 87' lang='lat' dir='ltr'>evitare</span> <span class='ocrx_word' id='word_1_169' title='bbox 2920 2714 3039 2775; x_wconf 87' lang='lat' dir='ltr'>vel</span> 
     </span>
     <span class='ocr_line' id='line_1_22' title="bbox 639 2812 3037 2893; baseline -0.001 -17"><span class='ocrx_word' id='word_1_170' title='bbox 639 2814 962 2893; x_wconf 89' lang='lat' dir='ltr'>impetum</span> <span class='ocrx_word' id='word_1_171' title='bbox 979 2815 1306 2876; x_wconf 90' lang='lat' dir='ltr'>sustinere</span> <span class='ocrx_word' id='word_1_172' title='bbox 1333 2823 1575 2893; x_wconf 90' lang='lat' dir='ltr'>posset,</span> <span class='ocrx_word' id='word_1_173' title='bbox 1599 2823 1677 2876; x_wconf 87' lang='lat' dir='ltr'>ut</span> <span class='ocrx_word' id='word_1_174' title='bbox 1706 2832 1839 2876; x_wconf 90' lang='lat' dir='ltr'>non</span> <span class='ocrx_word' id='word_1_175' title='bbox 1855 2815 2056 2876; x_wconf 92' lang='lat' dir='ltr'>semel</span> <span class='ocrx_word' id='word_1_176' title='bbox 2084 2812 2419 2892; x_wconf 86' lang='lat' dir='ltr'>pestilenti</span> <span class='ocrx_word' id='word_1_177' title='bbox 2438 2813 2654 2875; x_wconf 87' lang='lat' dir='ltr'>halitu</span> <span class='ocrx_word' id='word_1_178' title='bbox 2682 2813 2753 2874; x_wconf 88' lang='lat' dir='ltr'>in</span> <span class='ocrx_word' id='word_1_179' title='bbox 2780 2812 3037 2875; x_wconf 89' lang='lat' dir='ltr'>collum</span> 
     </span>
     <span class='ocr_line' id='line_1_23' title="bbox 643 2911 3039 2992; baseline -0 -15"><span class='ocrx_word' id='word_1_180' title='bbox 643 2915 768 2977; x_wconf 89' lang='lat' dir='ltr'>sibi</span> <span class='ocrx_word' id='word_1_181' title='bbox 799 2915 1062 2977; x_wconf 89' lang='lat' dir='ltr'>sufflato</span> <span class='ocrx_word' id='word_1_182' title='bbox 1090 2935 1160 2977; x_wconf 91' lang='lat' dir='ltr'>se</span> <span class='ocrx_word' id='word_1_183' title='bbox 1189 2923 1454 2977; x_wconf 90' lang='lat' dir='ltr'>tantum</span> <span class='ocrx_word' id='word_1_184' title='bbox 1481 2933 1614 2976; x_wconf 89' lang='lat' dir='ltr'>non</span> <span class='ocrx_word' id='word_1_185' title='bbox 1664 2922 2067 2976; x_wconf 83' lang='lat' dir='ltr'>enecassent.</span> <span class='ocrx_word' id='word_1_186' title='bbox 2161 2915 2457 2992; x_wconf 85' lang='lat' dir='ltr'>Cumqve</span> <span class='ocrx_word' id='word_1_187' title='bbox 2502 2931 2624 2976; x_wconf 88' lang='lat' dir='ltr'>sua</span> <span class='ocrx_word' id='word_1_188' title='bbox 2652 2920 2793 2975; x_wconf 88' lang='lat' dir='ltr'>arte</span> <span class='ocrx_word' id='word_1_189' title='bbox 2856 2911 3039 2989; x_wconf 90' lang='lat' dir='ltr'>(imo</span> 
     </span>
     <span class='ocr_line' id='line_1_24' title="bbox 642 3013 3037 3094; baseline -0.001 -17"><span class='ocrx_word' id='word_1_190' title='bbox 642 3016 901 3078; x_wconf 90' lang='lat' dir='ltr'>technis</span> <span class='ocrx_word' id='word_1_191' title='bbox 942 3024 1008 3078; x_wconf 89' lang='lat' dir='ltr'>et</span> <span class='ocrx_word' id='word_1_192' title='bbox 1066 3014 1485 3094; x_wconf 86' lang='lat' dir='ltr'>imposturis)</span> <span class='ocrx_word' id='word_1_193' title='bbox 1521 3014 1689 3075; x_wconf 91' lang='lat' dir='ltr'>nihil</span> <span class='ocrx_word' id='word_1_194' title='bbox 1743 3022 2177 3093; x_wconf 90' lang='lat' dir='ltr'>promoveret,</span> <span class='ocrx_word' id='word_1_195' title='bbox 2214 3013 2661 3076; x_wconf 89' lang='lat' dir='ltr'>dimissionem</span> <span class='ocrx_word' id='word_1_196' title='bbox 2704 3013 2901 3092; x_wconf 87' lang='lat' dir='ltr'>petijt</span> <span class='ocrx_word' id='word_1_197' title='bbox 2958 3022 3037 3075; x_wconf 89' lang='lat' dir='ltr'>et</span> 
     </span>
     <span class='ocr_line' id='line_1_25' title="bbox 640 3112 3037 3195; baseline -0.002 -17"><span class='ocrx_word' id='word_1_198' title='bbox 640 3117 769 3178; x_wconf 91' lang='lat' dir='ltr'>alia</span> <span class='ocrx_word' id='word_1_199' title='bbox 817 3135 1252 3195; x_wconf 83' lang='lat' dir='ltr'>aggressurus</span> <span class='ocrx_word' id='word_1_200' title='bbox 1305 3115 1416 3178; x_wconf 85' lang='lat' dir='ltr'>via</span> <span class='ocrx_word' id='word_1_201' title='bbox 1444 3115 1726 3177; x_wconf 86' lang='lat' dir='ltr'>cadaver</span> <span class='ocrx_word' id='word_1_202' title='bbox 1782 3114 2167 3175; x_wconf 87' lang='lat' dir='ltr'>iamdudum</span> <span class='ocrx_word' id='word_1_203' title='bbox 2197 3122 2391 3192; x_wconf 91' lang='lat' dir='ltr'>putre</span> <span class='ocrx_word' id='word_1_204' title='bbox 2448 3112 2732 3176; x_wconf 89' lang='lat' dir='ltr'>effodere</span> <span class='ocrx_word' id='word_1_205' title='bbox 2760 3122 2826 3176; x_wconf 90' lang='lat' dir='ltr'>et</span> <span class='ocrx_word' id='word_1_206' title='bbox 2882 3113 3037 3190; x_wconf 82' lang='lat' dir='ltr'>igni</span> 
     </span>
     <span class='ocr_line' id='line_1_26' title="bbox 639 3213 3039 3294; baseline -0.001 -15"><span class='ocrx_word' id='word_1_207' title='bbox 639 3237 926 3279; x_wconf 92' lang='lat' dir='ltr'>cremare</span> <span class='ocrx_word' id='word_1_208' title='bbox 955 3217 1304 3294; x_wconf 89' lang='lat' dir='ltr'>cogitarat,</span> <span class='ocrx_word' id='word_1_209' title='bbox 1338 3215 1453 3278; x_wconf 89' lang='lat' dir='ltr'>sed</span> <span class='ocrx_word' id='word_1_210' title='bbox 1483 3215 1840 3277; x_wconf 88' lang='lat' dir='ltr'>nuncio-de</span> <span class='ocrx_word' id='word_1_211' title='bbox 1868 3213 2282 3292; x_wconf 87' lang='lat' dir='ltr'>muljerculae</span> <span class='ocrx_word' id='word_1_212' title='bbox 2310 3213 2499 3275; x_wconf 88' lang='lat' dir='ltr'>obitu</span> <span class='ocrx_word' id='word_1_213' title='bbox 2542 3213 3039 3276; x_wconf 89' lang='lat' dir='ltr'>interveniente</span> 
     </span>
     <span class='ocr_line' id='line_1_27' title="bbox 641 3311 3033 3396; baseline -0.003 -16"><span class='ocrx_word' id='word_1_214' title='bbox 641 3326 741 3380; x_wconf 92' lang='lat' dir='ltr'>est</span> <span class='ocrx_word' id='word_1_215' title='bbox 797 3325 1316 3396; x_wconf 77' lang='lat' dir='ltr'>praeoccupatus,</span> <span class='ocrx_word' id='word_1_216' title='bbox 1409 3314 1746 3377; x_wconf 89' lang='lat' dir='ltr'>Thorlevo</span> <span class='ocrx_word' id='word_1_217' title='bbox 1802 3316 2088 3376; x_wconf 85' lang='lat' dir='ltr'>abeunte</span> <span class='ocrx_word' id='word_1_218' title='bbox 2157 3314 2326 3393; x_wconf 89' lang='lat' dir='ltr'>petit</span> <span class='ocrx_word' id='word_1_219' title='bbox 2400 3311 2737 3390; x_wconf 86' lang='lat' dir='ltr'>Herdijsa,</span> <span class='ocrx_word' id='word_1_220' title='bbox 2802 3322 2877 3374; x_wconf 89' lang='lat' dir='ltr'>ut</span> <span class='ocrx_word' id='word_1_221' title='bbox 2951 3312 3033 3374; x_wconf 85' lang='lat' dir='ltr'>in</span> 
     </span>
     <span class='ocr_line' id='line_1_28' title="bbox 641 3412 3035 3495; baseline -0.001 -16"><span class='ocrx_word' id='word_1_222' title='bbox 641 3418 955 3479; x_wconf 89' lang='lat' dir='ltr'>lararium</span> <span class='ocrx_word' id='word_1_223' title='bbox 982 3435 1101 3480; x_wconf 88' lang='lat' dir='ltr'>seu</span> <span class='ocrx_word' id='word_1_224' title='bbox 1129 3418 1465 3486; x_wconf 89' lang='lat' dir='ltr'>sacellum,</span> <span class='ocrx_word' id='word_1_225' title='bbox 1503 3415 1675 3495; x_wconf 86' lang='lat' dir='ltr'>qvod</span> <span class='ocrx_word' id='word_1_226' title='bbox 1706 3415 1884 3476; x_wconf 91' lang='lat' dir='ltr'>domi</span> <span class='ocrx_word' id='word_1_227' title='bbox 1902 3433 2044 3476; x_wconf 87' lang='lat' dir='ltr'>suae</span> <span class='ocrx_word' id='word_1_228' title='bbox 2074 3421 2241 3492; x_wconf 87' lang='lat' dir='ltr'>erat,</span> <span class='ocrx_word' id='word_1_229' title='bbox 2262 3414 2745 3492; x_wconf 84' lang='lat' dir='ltr'>deportaretur,</span> <span class='ocrx_word' id='word_1_230' title='bbox 2775 3413 2831 3473; x_wconf 93' lang='lat' dir='ltr'>si</span> <span class='ocrx_word' id='word_1_231' title='bbox 2854 3412 3035 3476; x_wconf 85' lang='lat' dir='ltr'>forte</span> 
     </span>
     <span class='ocr_line' id='line_1_29' title="bbox 640 3513 3033 3593; baseline -0.002 -14"><span class='ocrx_word' id='word_1_232' title='bbox 640 3517 1097 3579; x_wconf 88' lang='lat' dir='ltr'>infestationes</span> <span class='ocrx_word' id='word_1_233' title='bbox 1125 3517 1276 3578; x_wconf 90' lang='lat' dir='ltr'>istae</span> <span class='ocrx_word' id='word_1_234' title='bbox 1303 3516 1410 3578; x_wconf 88' lang='lat' dir='ltr'>vel</span> <span class='ocrx_word' id='word_1_235' title='bbox 1438 3515 1787 3593; x_wconf 86' lang='lat' dir='ltr'>paululum</span> <span class='ocrx_word' id='word_1_236' title='bbox 1815 3514 2251 3586; x_wconf 88' lang='lat' dir='ltr'>remitterent,</span> <span class='ocrx_word' id='word_1_237' title='bbox 2290 3515 2403 3574; x_wconf 91' lang='lat' dir='ltr'>sed</span> <span class='ocrx_word' id='word_1_238' title='bbox 2447 3532 2562 3591; x_wconf 89' lang='lat' dir='ltr'>spe</span> <span class='ocrx_word' id='word_1_239' title='bbox 2594 3513 2912 3576; x_wconf 85' lang='lat' dir='ltr'>frustrata</span> <span class='ocrx_word' id='word_1_240' title='bbox 2954 3513 3033 3575; x_wconf 86' lang='lat' dir='ltr'>in</span> 
     </span>
     <span class='ocr_line' id='line_1_30' title="bbox 640 3611 3035 3693; baseline -0.002 -15"><span class='ocrx_word' id='word_1_241' title='bbox 640 3616 1089 3692; x_wconf 81' lang='lat' dir='ltr'>hybernaculo</span> <span class='ocrx_word' id='word_1_242' title='bbox 1111 3616 1353 3676; x_wconf 89' lang='lat' dir='ltr'>iterum</span> <span class='ocrx_word' id='word_1_243' title='bbox 1370 3615 1751 3677; x_wconf 86' lang='lat' dir='ltr'>collocatur.</span> <span class='ocrx_word' id='word_1_244' title='bbox 1846 3614 1970 3676; x_wconf 89' lang='lat' dir='ltr'>Die</span> <span class='ocrx_word' id='word_1_245' title='bbox 1998 3633 2155 3676; x_wconf 91' lang='lat' dir='ltr'>vero</span> <span class='ocrx_word' id='word_1_246' title='bbox 2187 3613 2550 3688; x_wconf 87' lang='lat' dir='ltr'>Dominica,</span> <span class='ocrx_word' id='word_1_247' title='bbox 2581 3633 2732 3693; x_wconf 89' lang='lat' dir='ltr'>qvae</span> <span class='ocrx_word' id='word_1_248' title='bbox 2754 3611 3035 3675; x_wconf 83' lang='lat' dir='ltr'>Festum</span> 
     </span>
     <span class='ocr_line' id='line_1_31' title="bbox 641 3713 3035 3793; baseline -0.001 -17"><span class='ocrx_word' id='word_1_249' title='bbox 641 3715 1206 3777; x_wconf 88' lang='lat' dir='ltr'>Annunciationis</span> <span class='ocrx_word' id='word_1_250' title='bbox 1260 3713 1566 3793; x_wconf 72' lang='lat' dir='ltr'>proxime</span> <span class='ocrx_word' id='word_1_251' title='bbox 1621 3714 2056 3793; x_wconf 80' lang='lat' dir='ltr'>praecedebat,</span> <span class='ocrx_word' id='word_1_252' title='bbox 2105 3713 2553 3776; x_wconf 86' lang='lat' dir='ltr'>assidentibus</span> <span class='ocrx_word' id='word_1_253' title='bbox 2610 3732 2743 3775; x_wconf 91' lang='lat' dir='ltr'>non</span> <span class='ocrx_word' id='word_1_254' title='bbox 2798 3713 3035 3792; x_wconf 88' lang='lat' dir='ltr'>paucis</span> 
     </span>
     <span class='ocr_line' id='line_1_32' title="bbox 641 3813 3033 3894; baseline -0 -17"><span class='ocrx_word' id='word_1_255' title='bbox 641 3817 818 3877; x_wconf 89' lang='lat' dir='ltr'>inter</span> <span class='ocrx_word' id='word_1_256' title='bbox 844 3815 1152 3894; x_wconf 87' lang='lat' dir='ltr'>ingentes</span> <span class='ocrx_word' id='word_1_257' title='bbox 1180 3814 1475 3891; x_wconf 85' lang='lat' dir='ltr'>fragores</span> <span class='ocrx_word' id='word_1_258' title='bbox 1503 3823 1767 3876; x_wconf 87' lang='lat' dir='ltr'>mortua</span> <span class='ocrx_word' id='word_1_259' title='bbox 1794 3823 1915 3888; x_wconf 90' lang='lat' dir='ltr'>est,</span> <span class='ocrx_word' id='word_1_260' title='bbox 1953 3833 2028 3876; x_wconf 93' lang='lat' dir='ltr'>ac</span> <span class='ocrx_word' id='word_1_261' title='bbox 2058 3814 2254 3876; x_wconf 89' lang='lat' dir='ltr'>simul</span> <span class='ocrx_word' id='word_1_262' title='bbox 2287 3814 2469 3875; x_wconf 89' lang='lat' dir='ltr'>trabs</span> <span class='ocrx_word' id='word_1_263' title='bbox 2496 3813 2739 3892; x_wconf 86' lang='lat' dir='ltr'>pulpiti</span> <span class='ocrx_word' id='word_1_264' title='bbox 2769 3821 2836 3875; x_wconf 91' lang='lat' dir='ltr'>et</span> <span class='ocrx_word' id='word_1_265' title='bbox 2891 3813 3033 3876; x_wconf 92' lang='lat' dir='ltr'>duo</span> 
     </span>
     <span class='ocr_line' id='line_1_33' title="bbox 644 3913 3033 3993; baseline -0.001 -15"><span class='ocrx_word' id='word_1_266' title='bbox 644 3933 892 3978; x_wconf 84' lang='lat' dir='ltr'>asseres</span> <span class='ocrx_word' id='word_1_267' title='bbox 922 3914 1116 3976; x_wconf 86' lang='lat' dir='ltr'>fracti</span> <span class='ocrx_word' id='word_1_268' title='bbox 1131 3922 1308 3989; x_wconf 89' lang='lat' dir='ltr'>sunt,</span> <span class='ocrx_word' id='word_1_269' title='bbox 1335 3932 1572 3993; x_wconf 89' lang='lat' dir='ltr'>corpus</span> <span class='ocrx_word' id='word_1_270' title='bbox 1591 3922 1811 3976; x_wconf 89' lang='lat' dir='ltr'>autem</span> <span class='ocrx_word' id='word_1_271' title='bbox 1833 3915 2053 3993; x_wconf 90' lang='lat' dir='ltr'>ipsum</span> <span class='ocrx_word' id='word_1_272' title='bbox 2075 3914 2145 3975; x_wconf 88' lang='lat' dir='ltr'>in</span> <span class='ocrx_word' id='word_1_273' title='bbox 2163 3914 2619 3992; x_wconf 86' lang='lat' dir='ltr'>pavimentum</span> <span class='ocrx_word' id='word_1_274' title='bbox 2636 3913 3033 3976; x_wconf 88' lang='lat' dir='ltr'>devolutum</span> 
     </span>
     <span class='ocr_line' id='line_1_34' title="bbox 643 4010 3033 4079; baseline -0.002 0"><span class='ocrx_word' id='word_1_275' title='bbox 643 4025 764 4079; x_wconf 89' lang='lat' dir='ltr'>est.</span> <span class='ocrx_word' id='word_1_276' title='bbox 859 4015 1138 4077; x_wconf 88' lang='lat' dir='ltr'>Domine</span> <span class='ocrx_word' id='word_1_277' title='bbox 1168 4014 1373 4076; x_wconf 87' lang='lat' dir='ltr'>libera</span> <span class='ocrx_word' id='word_1_278' title='bbox 1403 4032 1523 4076; x_wconf 91' lang='lat' dir='ltr'>nos</span> <span class='ocrx_word' id='word_1_279' title='bbox 1551 4034 1588 4076; x_wconf 90' lang='lat' dir='ltr'>a</span> <span class='ocrx_word' id='word_1_280' title='bbox 1619 4015 1814 4076; x_wconf 76' lang='lat' dir='ltr'>malo,</span> <span class='ocrx_word' id='word_1_281' title='bbox 1908 4013 2147 4076; x_wconf 92' lang='lat' dir='ltr'>Amen.</span> <span class='ocrx_word' id='word_1_282' title='bbox 2238 4010 2476 4075; x_wconf 83' lang='lat' dir='ltr'>Tantae</span> <span class='ocrx_word' id='word_1_283' title='bbox 2522 4023 2663 4076; x_wconf 87' lang='lat' dir='ltr'>erat</span> <span class='ocrx_word' id='word_1_284' title='bbox 2714 4013 3033 4075; x_wconf 80' lang='lat' dir='ltr'>versutiae</span> 
     </span>
     <span class='ocr_line' id='line_1_35' title="bbox 643 4111 3035 4195; baseline -0.001 -16"><span class='ocrx_word' id='word_1_285' title='bbox 643 4117 918 4195; x_wconf 90' lang='lat' dir='ltr'>spiritus</span> <span class='ocrx_word' id='word_1_286' title='bbox 973 4115 1098 4176; x_wconf 90' lang='lat' dir='ltr'>iste</span> <span class='ocrx_word' id='word_1_287' title='bbox 1129 4133 1431 4194; x_wconf 89' lang='lat' dir='ltr'>neqvam,</span> <span class='ocrx_word' id='word_1_288' title='bbox 1467 4123 1542 4176; x_wconf 90' lang='lat' dir='ltr'>ut</span> <span class='ocrx_word' id='word_1_289' title='bbox 1579 4116 1969 4194; x_wconf 87' lang='lat' dir='ltr'>(anteqvam</span> <span class='ocrx_word' id='word_1_290' title='bbox 2025 4115 2133 4176; x_wconf 89' lang='lat' dir='ltr'>vel</span> <span class='ocrx_word' id='word_1_291' title='bbox 2179 4113 2293 4174; x_wconf 89' lang='lat' dir='ltr'>uni</span> <span class='ocrx_word' id='word_1_292' title='bbox 2354 4111 2552 4190; x_wconf 84' lang='lat' dir='ltr'>alicuj</span> <span class='ocrx_word' id='word_1_293' title='bbox 2614 4113 2889 4176; x_wconf 88' lang='lat' dir='ltr'>Stulleri</span> <span class='ocrx_word' id='word_1_294' title='bbox 2945 4114 3035 4176; x_wconf 92' lang='lat' dir='ltr'>de</span> 
     </span>
     <span class='ocr_line' id='line_1_36' title="bbox 641 4211 3033 4306; baseline -0.001 -27"><span class='ocrx_word' id='word_1_295' title='bbox 641 4216 1062 4279; x_wconf 87' lang='lat' dir='ltr'>matrimonio</span> <span class='ocrx_word' id='word_1_296' title='bbox 1092 4216 1541 4306; x_wconf 80' lang='lat' dir='ltr'>contrahendo</span> <span class='ocrx_word' id='word_1_297' title='bbox 1570 4215 1985 4295; x_wconf 89' lang='lat' dir='ltr'>propositum</span> <span class='ocrx_word' id='word_1_298' title='bbox 2028 4214 2464 4290; x_wconf 89' lang='lat' dir='ltr'>innotuisset)</span> <span class='ocrx_word' id='word_1_299' title='bbox 2500 4211 2767 4290; x_wconf 85' lang='lat' dir='ltr'>cujdam</span> <span class='ocrx_word' id='word_1_300' title='bbox 2811 4212 3033 4278; x_wconf 88' lang='lat' dir='ltr'>Enero</span> 
     </span>
    </p>
   </div>
   <div class='ocr_carea' id='block_1_3' title="bbox 541 4313 3033 4394">
    <p class='ocr_par' dir='ltr' id='par_1_3' title="bbox 541 4313 3033 4394">
     <span class='ocr_line' id='line_1_37' title="bbox 541 4313 3033 4394; baseline -0.002 -12"><span class='ocrx_word' id='word_1_301' title='bbox 541 4359 548 4365; x_wconf 88' lang='lat'><em>-</em></span> <span class='ocrx_word' id='word_1_302' title='bbox 641 4317 992 4382; x_wconf 90' lang='lat' dir='ltr'>Ormsonio</span> <span class='ocrx_word' id='word_1_303' title='bbox 1021 4315 1438 4377; x_wconf 85' lang='lat' dir='ltr'>familiariter</span> <span class='ocrx_word' id='word_1_304' title='bbox 1463 4333 1580 4394; x_wconf 89' lang='lat' dir='ltr'>per</span> <span class='ocrx_word' id='word_1_305' title='bbox 1609 4333 1915 4376; x_wconf 88' lang='lat' dir='ltr'>somnum</span> <span class='ocrx_word' id='word_1_306' title='bbox 1946 4314 2311 4376; x_wconf 88' lang='lat' dir='ltr'>insinuaret</span> <span class='ocrx_word' id='word_1_307' title='bbox 2341 4313 2707 4376; x_wconf 87' lang='lat' dir='ltr'>Stullerum</span> <span class='ocrx_word' id='word_1_308' title='bbox 2749 4313 3033 4376; x_wconf 88' lang='lat' dir='ltr'>iamtum</span> 
     </span>
    </p>
   </div>
   <div class='ocr_carea' id='block_1_4' title="bbox 639 4413 3031 4695">
    <p class='ocr_par' dir='ltr' id='par_1_4' title="bbox 639 4413 3031 4695">
     <span class='ocr_line' id='line_1_38' title="bbox 639 4413 3031 4497; baseline -0.002 -17"><span class='ocrx_word' id='word_1_309' title='bbox 639 4417 905 4497; x_wconf 91' lang='lat' dir='ltr'>nuptias</span> <span class='ocrx_word' id='word_1_310' title='bbox 933 4416 1259 4491; x_wconf 87' lang='lat' dir='ltr'>meditari,</span> <span class='ocrx_word' id='word_1_311' title='bbox 1294 4415 1600 4495; x_wconf 87' lang='lat' dir='ltr'>cavitqve</span> <span class='ocrx_word' id='word_1_312' title='bbox 1630 4415 1847 4490; x_wconf 88' lang='lat' dir='ltr'>simul,</span> <span class='ocrx_word' id='word_1_313' title='bbox 1886 4433 1967 4476; x_wconf 92' lang='lat' dir='ltr'>ne</span> <span class='ocrx_word' id='word_1_314' title='bbox 1999 4413 2259 4479; x_wconf 88' lang='lat' dir='ltr'>Enarus</span> <span class='ocrx_word' id='word_1_315' title='bbox 2302 4413 2408 4475; x_wconf 90' lang='lat' dir='ltr'>vel</span> <span class='ocrx_word' id='word_1_316' title='bbox 2439 4431 2509 4475; x_wconf 92' lang='lat' dir='ltr'>re</span> <span class='ocrx_word' id='word_1_317' title='bbox 2565 4413 2671 4475; x_wconf 91' lang='lat' dir='ltr'>vel</span> <span class='ocrx_word' id='word_1_318' title='bbox 2701 4413 2903 4476; x_wconf 88' lang='lat' dir='ltr'>verbo</span> <span class='ocrx_word' id='word_1_319' title='bbox 2959 4413 3031 4476; x_wconf 85' lang='lat' dir='ltr'>id</span> 
     </span>
     <span class='ocr_line' id='line_1_39' title="bbox 642 4513 3031 4596; baseline -0.001 -17"><span class='ocrx_word' id='word_1_320' title='bbox 642 4517 1012 4596; x_wconf 90' lang='lat' dir='ltr'>impediret,</span> <span class='ocrx_word' id='word_1_321' title='bbox 1051 4516 1355 4577; x_wconf 90' lang='lat' dir='ltr'>futurum</span> <span class='ocrx_word' id='word_1_322' title='bbox 1393 4523 1634 4589; x_wconf 86' lang='lat' dir='ltr'>tamen,</span> <span class='ocrx_word' id='word_1_323' title='bbox 1667 4523 1741 4576; x_wconf 88' lang='lat' dir='ltr'>ut</span> <span class='ocrx_word' id='word_1_324' title='bbox 1770 4514 1919 4576; x_wconf 87' lang='lat' dir='ltr'>istis</span> <span class='ocrx_word' id='word_1_325' title='bbox 1968 4513 2225 4592; x_wconf 87' lang='lat' dir='ltr'>nuptijs</span> <span class='ocrx_word' id='word_1_326' title='bbox 2255 4532 2376 4575; x_wconf 88' lang='lat' dir='ltr'>nec</span> <span class='ocrx_word' id='word_1_327' title='bbox 2426 4513 2545 4575; x_wconf 90' lang='lat' dir='ltr'>diu</span> <span class='ocrx_word' id='word_1_328' title='bbox 2575 4531 2695 4574; x_wconf 88' lang='lat' dir='ltr'>nec</span> <span class='ocrx_word' id='word_1_329' title='bbox 2741 4513 3031 4576; x_wconf 88' lang='lat' dir='ltr'>multum</span> 
     </span>
     <span class='ocr_line' id='line_1_40' title="bbox 639 4610 3031 4695; baseline -0.002 -14"><span class='ocrx_word' id='word_1_330' title='bbox 639 4625 812 4681; x_wconf 89' lang='lat' dir='ltr'>esset</span> <span class='ocrx_word' id='word_1_331' title='bbox 832 4615 1204 4695; x_wconf 87' lang='lat' dir='ltr'>gavisurus.</span> <span class='ocrx_word' id='word_1_332' title='bbox 1294 4611 1711 4677; x_wconf 88' lang='lat' dir='ltr'>Thorstenus</span> <span class='ocrx_word' id='word_1_333' title='bbox 1728 4614 2139 4688; x_wconf 78' lang='lat' dir='ltr'>OrmsoniuS,</span> <span class='ocrx_word' id='word_1_334' title='bbox 2161 4610 2495 4676; x_wconf 85' lang='lat' dir='ltr'>Thorlevo</span> <span class='ocrx_word' id='word_1_335' title='bbox 2514 4612 2583 4674; x_wconf 88' lang='lat' dir='ltr'>in</span> <span class='ocrx_word' id='word_1_336' title='bbox 2602 4612 3031 4690; x_wconf 85' lang='lat' dir='ltr'>Reykiafirde</span> 
     </span>
    </p>
   </div>
  </div>
 </body>
</html>
