3242 5684
530 603 608 664 34
1557 595 2024 650 ISLANDICA

527 763 834 828 fraxinus
875 767 1234 830 solenniter
1263 775 1328 830 et
1387 775 1649 829 caeterae
1678 765 1931 846 species
1987 765 2317 838 arborum,
2352 782 2631 844 qvarum
2688 781 2917 826 omnes

527 865 636 928 hic
665 885 1048 928 enumerare
1077 885 1210 928 non
1239 865 1480 928 attinet
1511 889 1526 940 ;
1573 867 1689 928 sed
1718 866 2269 944 qvemadmodum
2299 865 2407 927 isti
2438 864 2605 927 rami
2646 863 2915 943 qvidam

527 967 690 1028 adeo
719 976 874 1029 sunt
904 967 1116 1029 exiles
1143 975 1212 1028 et
1243 975 1498 1040 tenues,
1533 966 1629 1028 ita
1658 966 1952 1028 vicissim
1981 965 2249 1045 qvidam
2278 983 2555 1044 corpora
2604 963 2915 1026 arborum

523 1067 688 1128 adeo
742 1076 898 1129 sunt
929 1066 1226 1144 grandia,
1264 1075 1340 1129 ut
1396 1065 1839 1146 qvadraginta
1866 1075 2021 1128 octo
2080 1065 2290 1138 ulnas,
2326 1064 2915 1144 qvantumqvidem

524 1185 650 1244 ego
677 1167 969 1242 memini,
1005 1167 1325 1228 excedere
1365 1167 1506 1227 visa
1534 1165 1691 1240 sint,
1717 1165 2154 1228 crassitudine
2186 1184 2305 1227 sua
2319 1166 2403 1227 ad
2426 1164 2915 1242 longitudinem

523 1268 1038 1346 proportionata.
1133 1266 1324 1330 Unde
1369 1285 1526 1328 vero
1555 1275 1743 1328 tanta
1793 1267 2131 1342 sylvarum
2161 1266 2349 1344 copia
2399 1265 2481 1326 ad
2514 1283 2635 1327 nos
2662 1273 2909 1337 enatet,

520 1366 938 1428 dissentanea
952 1375 1107 1428 sunt
1123 1367 1534 1428 diversorum
1555 1365 1830 1442 judicia,
1856 1383 2007 1426 nam
2022 1365 2163 1427 sive
2178 1365 2307 1426 ista
2326 1365 2529 1442 ligna,
2556 1364 2917 1426 corticibus

523 1467 716 1545 plane
767 1467 1059 1528 carentia
1087 1475 1428 1546 postqvam
1481 1467 1612 1528 huc
1657 1473 2073 1544 appeterunt,
2102 1485 2141 1526 a
2172 1464 2395 1542 fluvijs
2446 1463 2917 1528 Gr‘dnlandicis

523 1575 638 1627 aut
693 1565 845 1643 alijs
891 1567 1332 1628 detrudantur
1387 1565 1634 1628 sensim
1684 1574 1751 1626 et
1812 1565 2167 1644 qvotannis
2216 1565 2299 1626 ad
2355 1583 2697 1638 oceanum,
2734 1565 2911 1644 qvod

523 1665 914 1744 qvibusdam
943 1675 1042 1726 est
1073 1665 1142 1726 in
1173 1665 1558 1744 qvotidiana
1599 1665 2033 1739 divinatione,
2070 1665 2212 1727 sive
2254 1665 2559 1742 ingentes
2584 1665 2797 1740 sylvae
2842 1665 2911 1724 in

519 1764 730 1826 fundo
761 1765 959 1826 maris
981 1765 1222 1828 alicubi
1253 1766 1695 1840 subcrescant,
1724 1766 1897 1844 qvod
1923 1783 2055 1827 non
2080 1765 2320 1826 minori
2336 1764 2914 1826 verisimilitudine

521 1865 786 1944 qvidam
817 1866 1196 1940 autumerit,
1226 1875 1424 1944 atqve
1445 1866 1530 1926 ab
1551 1865 1646 1942 inj
1656 1865 1801 1927 uria
1820 1873 2029 1926 tantae
2051 1865 2287 1942 glaciei
2308 1864 2631 1943 paulatim
2644 1864 2913 1926 diruan-

521 1973 630 2026 tur
659 1974 855 2044 atqve
883 1965 1322 2038 eradicentur,
1357 1965 1500 2028 sive
1527 1965 1661 2026 alio
1688 1965 1925 2044 qvovis
1951 1965 2168 2040 modo,
2198 1983 2392 2044 qvem
2420 1965 2643 2027 sanior
2698 1964 2911 2043 philo-

513 2064 747 2143 sophia
777 2083 908 2126 non
938 2065 1210 2144 respuit,
1247 2066 1330 2126 ad
1359 2083 1482 2126 nos
1508 2064 1913 2127 deferantur.
1996 2064 2164 2125 Mihi
2194 2073 2415 2126 tamen
2445 2082 2565 2142 pro
2594 2064 2915 2126 miraculo

518 2175 616 2226 est
640 2174 902 2227 tantum
929 2164 1408 2226 Munificentiae
1427 2164 1695 2226 Divinae
1714 2163 2127 2226 beneficium.
2222 2165 2364 2226 Nec
2382 2164 2577 2225 facile
2594 2165 2905 2238 adducor,

521 2274 594 2326 ut
653 2267 916 2328 credam
961 2265 1292 2341 myriades
1349 2272 1689 2327 tantorum
1742 2265 2077 2341 lignorum
2120 2264 2204 2326 de
2262 2263 2507 2326 finibus
2552 2265 2913 2340 Norvegiae

519 2367 702 2442 qvasi
735 2366 818 2426 ab
845 2366 1101 2427 oriente
1130 2367 1262 2426 huc
1305 2365 1655 2444 appellere,
1691 2373 1948 2442 partem
1977 2373 2199 2426 tamen
2228 2364 2334 2426 vel
2383 2363 2629 2426 exinde
2658 2364 2741 2424 ad
2790 2383 2913 2426 nos

519 2473 806 2538 enatare,
845 2466 1040 2526 facile
1069 2465 1336 2543 largior.

601 2588 985 2660 Capitulum
1043 2589 1162 2649 111.
1251 2584 1406 2642 Post
1439 2581 1566 2642 ista
1625 2581 1693 2641 in
1724 2600 1792 2641 se
1850 2580 2012 2641 satis
2040 2580 2445 2650 admiranda,
2481 2600 2631 2659 qvae
2674 2581 2913 2643 leviter

517 2681 892 2758 attigeram,
928 2681 1310 2759 proximum
1367 2681 1585 2742 locum
1644 2681 1767 2742 sibi
1830 2680 2178 2741 vendicare
2236 2680 2549 2742 videntur
2591 2690 2901 2756 meteora,

517 2800 665 2860 qvae
734 2789 977 2858 praeter
1047 2781 1420 2843 communia
1492 2789 1556 2842 et
1632 2780 1979 2853 naturalia,
2032 2789 2106 2841 ut
2176 2789 2333 2842 sunt
2376 2780 2595 2854 irideS,
2632 2781 2902 2860 parelia,

516 2877 920 2957 paraselini,¹
964 2880 1267 2954 fulmina,
1344 2881 1857 2954 coruscationeS,
1934 2879 2228 2942 tonitrua
2314 2881 2468 2954 &c.,
2556 2881 2923 2959 singulari--

518 2990 618 3042 ter
675 2981 994 3042 notabilia
1052 2989 1117 3042 et
1177 2979 1382 3057 hujus
1439 2981 1566 3042 loci
1625 2979 1811 3058 qvasi
1869 2979 2159 3041 maxime
2214 2981 2477 3059 propria
2546 2991 2906 3043 occurrunt

514 3082 821 3160 plurima,
857 3081 939 3143 de
995 3100 1276 3160 qvorum
1334 3099 1608 3142 numero
1666 3080 1954 3159 primum
2011 3080 2228 3141 locum
2286 3079 2541 3142 obtinet
2598 3082 2911 3160 splendor

515 3191 882 3243 nocturnus
937 3181 1240 3259 insigniS,
1276 3200 1470 3260 qvem
1529 3188 1827 3242 materna
1870 3180 2097 3257 lingva
2154 3179 2522 3241 nordurlidz
2577 3182 2908 3260 appellare

514 3283 817 3356 solemuS,
866 3282 1051 3360 qvasi
1110 3282 1334 3343 lumen
1391 3281 1927 3359 septentrionale,
1979 3280 2150 3357 qvod
2211 3279 2451 3353 nescio,
2486 3299 2570 3340 an
2629 3301 2905 3359 usqvam

512 3383 806 3443 locorum
864 3381 1094 3444 mundi
1127 3381 1256 3442 nisi
1315 3381 1384 3441 in
1415 3381 1737 3442 extremis
1797 3379 2155 3457 Norvegiae
2184 3380 2449 3456 angulis
2504 3381 2905 3460 Aqvilonem

513 3481 966 3560 spectantibus
995 3489 1329 3559 appareat.
1423 3483 1574 3541 Hoc
1604 3481 1828 3541 lumen
1860 3480 2148 3552 coeleste,
2187 3479 2479 3541 terribile
2509 3499 2643 3542 non
2686 3482 2907 3544 minus

512 3600 706 3658 qvam
737 3581 1142 3654 admirabile,
1170 3580 1523 3658 aliqvando
1544 3588 1758 3641 totum
1789 3579 1972 3659 qvasi
1995 3580 2235 3640 coelum
2259 3580 2480 3642 subito
2502 3589 2567 3642 et
2590 3582 2905 3644 continue

480 3679 920 3752 ‚inflammare
979 3680 1264 3740 videtur.
1359 3679 1548 3740 Alias
1604 3680 1745 3740 sive
1804 3678 2122 3756 majorem
2180 3679 2321 3740 sive
2378 3679 2695 3742 minorem
2756 3680 2905 3759 ejus

509 3789 785 3858 partem,
823 3798 972 3858 qvae
1021 3779 1538 3857 septentrionem
1589 3787 1866 3857 spectat,
1920 3779 2219 3840 accendit
2261 3781 2553 3859 adeoqve
2602 3782 2906 3843 celeriter

511 3888 694 3940 motu
746 3897 866 3940 suo
896 3879 1209 3940 discurrit
1259 3879 1431 3940 intra
1481 3898 1637 3940 suos
1686 3879 1950 3952 limiteS,
1980 3898 2056 3939 ac
2106 3878 2161 3939 si
2213 3879 2903 3957 intemperatissimam

509 3979 921 4040 flammarum
952 3979 1457 4040 commotionem
1489 3979 1831 4052 intuearis,
1859 3998 2053 4057 qvam
2075 3979 2337 4056 qvidem
2358 3980 2553 4058 pauci
2574 3981 2737 4042 adeo
2758 3981 2905 4042 sine

508 4079 755 4141 cerebri
802 4079 1301 4140 conturbatione
1345 4087 1410 4140 et
1456 4079 1739 4158 qvadam
1783 4079 1965 4158 qvasi
2015 4079 2339 4154 vertigine
2383 4079 2498 4139 diu
2565 4089 2903 4157 aspectare

400 4217 406 4222 -
507 4179 861 4252 sustinent,
899 4179 1069 4257 qvod
1129 4178 1344 4256 ipsum
1376 4180 1596 4240 lumen
1658 4187 1847 4239 tanto
1905 4179 2117 4256 magis
2173 4188 2271 4239 est
2331 4178 2733 4252 admirabile,
2770 4199 2902 4258 qvo

508 4279 758 4356 saepius
789 4280 1001 4356 fulget
1033 4279 1184 4340 aere
1213 4281 1460 4352 sedate,
1500 4279 1787 4340 nubibus
1818 4297 2027 4340 vacuo
2057 4286 2122 4339 et
2170 4280 2274 4340 vel
2304 4279 2593 4340 maxime
2640 4298 2895 4342 seren0.

508 4381 740 4442 Oritur
795 4381 1157 4458 plerunqve
1191 4388 1481 4457 tempore
1541 4379 1840 4452 hyberno
1885 4379 1966 4438 ab
2025 4378 2365 4439 occidente
2410 4379 2573 4439 alias
2628 4380 2898 4454 sensim,

574 4544 592 4576 1
610 4544 782 4606 Thus,
812 4543 902 4594 for
925 4543 1290 4610 paraselenae.
