3242 5684
1189 618 1311 672 DE
1334 619 1802 674 MIRABILIB
1811 619 1908 674 US
2633 627 2712 687 55

316 784 757 850 Hn‘ysssehvt‘y'sla.
832 785 1159 852 Helsijnge,
1180 785 1382 849 Tarda,
1404 784 1630 838 Tetrax.
1703 785 2176 853 Hrossagaukur,
2197 787 2508 854 myrefugl,
2533 788 2714 839 Cucu-

316 869 431 920 lus.
539 867 1059 921 Hdkallaskdmur.
1154 868 1439 934 Jadraka,
1502 868 1807 934 Gallmago
1867 869 2072 933 minor,
2137 869 2436 923 Rusticula
2504 869 2707 922 minor.

320 938 615 1005 ssakrdka.
691 951 996 1019 Ldngvije.
1070 951 1194 1004 Lba
1226 951 1333 1004 eda
1365 951 1506 1019 ldfa,
1536 951 1760 1004 Alauda
1803 952 2056 1020 galerita,
2086 953 2320 1006 Casdta.
2393 952 2710 1021 Lbupraell.

316 1035 560 1099 meur,
625 1035 814 1099 Fulix,
880 1035 1095 1088 Fulica.
1192 1035 1363 1101 Lyre.
1460 1035 1683 1088 Laude.
1781 1035 2217 1089 Laekiarkrdka.
2291 1035 2359 1088 K
2353 1035 2706 1102 ielldusmsjn.

318 1117 488 1170 Kibe.
559 1118 630 1170 K
621 1117 781 1182 raka,
813 1118 1043 1182 Cornix,
1074 1117 1393 1171 Cornicula.
1466 1118 1535 1170 K
1529 1118 1648 1184 risa
1692 1119 1800 1170 eda
1847 1117 2048 1182 Pema,
2097 1119 2408 1186 mergulus.
2480 1117 2706 1184 Masur,

317 1201 519 1266 Gavia,
570 1205 764 1258 Larus.
861 1200 1191 1266 Marjertla,
1243 1200 1553 1254 Motacilla.
1644 1200 2163 1254 Mar-ienlubrbdir
2201 1202 2308 1254 eda
2351 1201 2706 1269 Steindepill.

314 1284 569 1352 Margds
588 1284 695 1337 eda
716 1285 939 1337 hrotur.
1011 1283 1322 1351 Myrefugl
1350 1284 1456 1336 eda
1500 1284 1950 1351 hrossagaukur,
1981 1285 2245 1338 cuculus.
2318 1284 2710 1348 Masabrbdir,

316 1367 677 1436 vespertilio.
788 1355 1145 1420 Odinzhane.
1252 1366 1466 1435 Ridpa.
1573 1367 1782 1432 Rytur,
1853 1367 2093 1436 skiegla,
2133 1368 2347 1434 masur,
2422 1368 2706 1436 CepphuS.

311 1450 674 1505 Sandmenia
717 1449 825 1502 eda
869 1451 1126 1504 sandlba.
1200 1449 1559 1517 Selnijngur,
1604 1450 1922 1504 Trochilus.
1997 1451 2365 1518 Sibarhrafle.
2437 1451 2707 1516 Skarfur.

312 1534 593 1597 Skfimur,
625 1533 906 1587 Graculus
940 1534 1140 1601 major.
1214 1532 1469 1600 Skiegla,
1499 1533 1698 1600 njtur,
1726 1532 2095 1600 hmj‘trndfur,
2125 1536 2409 1603 Cepphus.
2479 1533 2707 1599 Skrosa.

312 1616 793 1684 Skbgarprestur,
856 1616 1150 1684 Fringilla.
1270 1615 1533 1681 Smyrell,
1598 1615 1810 1680 AEsalo,
1874 1617 2152 1679 Merillus,
2213 1635 2317 1670 seu
2393 1617 2709 1671 Smerillus.

312 1699 597 1755 Stelckur.
670 1698 1132 1766 Snibtitlijngur.
1205 1698 1363 1767 Spbe,
1395 1702 1663 1767 Arqvata,
1715 1700 2051 1753 Numenius.
2125 1701 2362 1754 Svanur
2403 1701 2510 1754 eda
2553 1701 2706 1766 dlftt,

312 1786 477 1846 Olor,
507 1785 755 1851 Cygnus,
818 1782 963 1836 Sala
984 1782 1091 1834 eda
1113 1781 1379 1850 haffxdla,
1407 1787 1643 1850 Mergus
1664 1799 1926 1851 magnus.
1965 1783 2289 1852 Svartfugl.
2329 1784 2704 1848 Svartbakur,

317 1866 703 1933 veijdebialla.
742 1865 1099 1933 Steindepill,
1123 1865 1229 1917 eda
1254 1865 1778 1919 mariertlubrbdir.
1829 1866 2112 1930 Tialldur,
2143 1869 2364 1922 Sterna.
2417 1867 2708 1932 Vaetekioe,

312 1949 597 2004 vaelekibe.
674 1947 1019 2014 Peystekqfa.
1096 1947 1572 2016 Pdfutitlaejjngur.
1649 1949 1871 2013 AEdur,
1901 1950 2142 2002 fortasse
2177 1967 2304 2017 qvae
2329 1951 2504 2018 Angli
2541 1955 2711 2003 Bran-

308 2041 435 2086 tam
457 2037 683 2086 vocant.
759 2029 1200 2098 Grdtitlijngur,
1232 2034 1499 2085 curruca.
1572 2032 1966 2097 Flbdsmyrill,
2001 2032 2352 2098 flbdskytur,
2377 2034 2706 2100 Colymbus.

401 2160 786 2233 Capitulum
844 2159 1022 2219 xv1.
1110 2151 1503 2214 Volatilium
1560 2151 1814 2214 insecta
1870 2160 2256 2213 enarraturo
2298 2153 2510 2231 prima
2567 2153 2712 2214 vice

312 2260 717 2316 succurrunt
748 2269 903 2328 apes
932 2251 1252 2325 erraticae,
1290 2271 1440 2330 qvae
1467 2269 1623 2313 vere
1653 2252 1767 2313 sed
1797 2270 1992 2330 parce
2021 2252 2376 2313 admodum
2408 2252 2518 2312 hic
2564 2271 2708 2330 pro-

310 2353 619 2426 veniunt,
657 2359 991 2430 repertum
1020 2351 1197 2412 enim
1228 2359 1327 2412 est
1358 2351 1426 2411 in
1458 2350 1643 2413 saxis
1660 2351 2054 2430 qvibusdam
2077 2370 2196 2412 nec
2215 2371 2345 2412 non
2367 2352 2714 2413 arboribus

310 2463 379 2516 et
414 2452 673 2514 lacunis
701 2460 895 2514 terrae
926 2451 1434 2513 abstrusissimis
1464 2452 1591 2512 mel
1630 2469 1859 2513 earum
1887 2451 2165 2531 spissius
2189 2460 2419 2530 utpote
2471 2471 2510 2512 a
2561 2471 2710 2514 cera

308 2553 800 2615 indistinctum.
897 2553 1051 2612 Non
1081 2551 1257 2612 enim
1286 2560 1442 2612 sunt
1475 2551 1636 2625 fuci,
1674 2551 1802 2612 nisi
1825 2570 2052 2614 eorum
2083 2551 2412 2631 qvandam
2430 2553 2716 2632 speciem

310 2652 753 2733 appellaveris
796 2670 1055 2712 muscas
1093 2650 1375 2728 majores
1432 2651 1784 2725 aculeatas,
1822 2651 1932 2712 hic
1990 2671 2248 2731 qvoqve
2279 2672 2317 2713 a
2376 2653 2716 2716 nonnullis

308 2756 718 2816 observatas
812 2753 1198 2812 Muscarum
1227 2769 1386 2813 vero
1414 2751 1748 2812 minorum
1785 2751 2072 2830 plurima
2101 2760 2258 2813 sunt
2289 2772 2533 2830 genera
2577 2753 2714 2814 fere

305 2873 434 2933 pro
493 2851 815 2913 varietate
864 2851 1181 2922 locorum,
1219 2851 1288 2910 in
1347 2849 1587 2929 qvibus
1645 2859 2050 2924 nascuntur;
2097 2852 2180 2913 de
2237 2853 2498 2931 qvibuS,
2537 2853 2709 2931 qvod

308 2952 619 3014 miraculi
649 2952 795 3012 loco
826 2951 1244 3012 referendum
1282 2949 1537 3029 putavi,
1576 2951 1808 3012 habe0.
1904 2951 2193 3028 Corpora
2236 2951 2501 3012 illarum
2544 2952 2707 3013 inte-

308 3073 435 3132 gra
466 3060 534 3114 et
564 3059 861 3113 emortua
890 3058 1005 3111 aut
1050 3050 1119 3110 in
1150 3050 1311 3128 ipsis
1361 3049 1548 3128 aqvis
1578 3049 2047 3127 stagnantibus
2097 3059 2213 3111 aut
2244 3050 2314 3110 in
2364 3050 2710 3128 superficie

305 3171 543 3215 earum
600 3159 967 3213 nascuntur
1025 3149 1261 3211 aestivo
1319 3158 1633 3228 tempore,
1670 3168 1802 3210 non
1860 3168 2016 3210 vero
2073 3150 2376 3223 brumali,
2415 3149 2706 3229 qvolibet

307 3271 540 3315 mense
584 3270 735 3313 cum
765 3252 925 3312 luna
969 3250 1195 3324 ferme,
1232 3269 1308 3310 ac
1354 3249 1529 3327 ripas
1571 3248 1836 3310 illarum
1881 3256 2068 3310 tanta
2113 3249 2301 3328 copia
2347 3249 2607 3310 alluunt
2638 3260 2707 3312 et

302 3352 712 3430 constipant,
750 3360 825 3412 ut
878 3359 1193 3428 tanqvam
1223 3349 1417 3410 fimus
1467 3348 1713 3409 ibidem
1763 3357 2238 3411 coacervantur
2285 3349 2706 3427 undiqvaqve

302 3455 391 3516 ad
413 3451 837 3513 altitudinem
857 3450 1160 3528 spitamae
1178 3457 1245 3510 et
1266 3450 1440 3510 ultra
1472 3471 1485 3521 ;
1531 3448 1930 3509 deindevero
1949 3450 2162 3510 calore
2182 3448 2337 3510 solis
2355 3450 2706 3511 accedente

298 3554 525 3617 vitam
555 3550 932 3628 concipiant
978 3548 1325 3627 acremqve
1355 3547 1936 3624 circumjacentem
1987 3557 2176 3610 tanto
2205 3567 2481 3610 numero
2531 3569 2704 3611 com·

298 3655 559 3733 pleant,
599 3659 673 3712 ut
703 3651 807 3712 vel
839 3649 1059 3710 radios
1088 3647 1245 3709 solis
1272 3648 1489 3708 media
1517 3648 1790 3708 meridie
1821 3648 2172 3726 aliqvando
2203 3650 2396 3727 plane
2440 3649 2704 3711 interci-

296 3755 496 3833 piant
528 3758 593 3812 et
626 3750 810 3829 qvasi
843 3749 1203 3810 mediocres
1234 3747 1537 3808 tenebras
1565 3747 1908 3821 inducant,
1947 3748 2121 3810 unde
2153 3749 2294 3810 loca
2332 3751 2703 3828 praesentis·

294 3857 476 3918 sima
526 3851 729 3911 ferme
759 3849 930 3910 fiunt
980 3841 1463 3922 inhabitabilia,
1501 3847 1630 3907 nisi
1663 3848 1963 3909 homines
2012 3849 2260 3927 pariter
2289 3858 2354 3910 et
2403 3849 2704 3926 jumenta

295 3951 607 4017 interdiu
635 3949 941 4010 domibus
970 3967 1038 4009 se
1069 3948 1435 4019 includant,
1473 3948 1554 4007 de
1586 3963 1778 4008 nocte
1827 3957 2087 4008 tantum
2119 3967 2350 4026 operas
2400 3949 2706 4010 faciendo

294 4050 730 4122 necessariaS‚
767 4048 1031 4127 qvando
1060 4048 1207 4109 haec
1264 4047 1514 4108 insecta
1544 4047 1613 4107 in
1674 4056 1848 4107 terra
1877 4048 1981 4108 vel
2040 4047 2388 4124 qviescunt
2417 4048 2522 4108 vel
2579 4065 2702 4109 suo

294 4155 507 4216 modo
558 4158 939 4229 pascuntur,
976 4148 1185 4208 donec
1232 4147 1313 4207 ad
1366 4147 1571 4206 solem
1621 4146 2243 4206 rursus-exitentur.
2336 4147 2574 4207 Ventis
2625 4166 2703 4208 ac
2814 4165 2820 4169 ·

292 4249 817 4331 tempestatibus
846 4248 1236 4326 qvandoqve
1267 4247 1347 4306 ad
1380 4246 1593 4307 aliena
1624 4247 1767 4306 loca
1796 4246 2224 4323 dissipantur,
2264 4245 2376 4306 ubi
2407 4264 2537 4305 non
2583 4245 2701 4307 diu

290 4351 747 4432 supervivunt
777 4372 791 4422 ;
824 4365 1089 4425 campos
1107 4355 1330 4407 autem
1349 4355 1415 4406 et
1445 4354 1634 4424 prata
1655 4363 1898 4423 pascua
1917 4353 1980 4406 et
2000 4345 2332 4406 convalles
2348 4347 2701 4423 praesentia

286 4474 425 4518 sua
456 4453 621 4512 adeo
648 4456 1035 4521 stercorant,
1075 4454 1149 4508 ut
1180 4446 1305 4524 ipsi
1351 4445 1587 4506 incolae
1617 4444 1795 4504 omni
1838 4462 1960 4505 sua
1989 4443 2316 4504 industria
2361 4463 2699 4524 nunqvam

286 4571 493 4634 aeqve
525 4549 779 4612 utiliter
820 4547 889 4608 id
947 4545 1201 4608 efficere
1258 4545 1532 4623 possint,
1570 4551 1968 4624 qvapropter
2025 4563 2062 4604 a
2120 4551 2263 4605 toto
2293 4545 2422 4607 hoc
2476 4544 2698 4607 labore
