3242 5684
591 591 670 654 ³²
1551 582 2020 638 JSLANDJCA

593 755 940 818 Habemus
992 755 1169 819 enim
1229 757 1365 820 fere
1421 756 1719 834 integros
1776 774 2031 819 menses
2086 764 2221 818 tres
2275 753 2567 817 tenebris
2636 751 2967 815 nocturnis

593 873 862 934 prorsus
912 865 1228 932 carentes,
1284 856 1594 920 videlicet
1638 855 1793 919 inde
1838 875 1878 918 a
1927 855 2275 918 dimidiato
2334 855 2580 916 Martio
2630 873 2839 934 usqve
2892 851 2965 912 ad

595 953 791 1016 finem
820 956 1004 1035 Junij
1039 957 1145 1020 vel
1174 957 1377 1018 etiam
1404 955 1755 1019 dimidium
1785 956 1947 1035 Julij
1980 965 2049 1018 et
2093 956 2288 1029 ultra,
2324 955 2379 1016 si
2410 955 2801 1034 crepuscula
2830 971 2965 1014 con·

593 1073 921 1131 numeres,
958 1075 1108 1136 qvae
1155 1057 1368 1120 vicem
1415 1057 1634 1119 noctis
1671 1057 1961 1120 subeunt
2012 1056 2080 1117 in
2112 1055 2393 1118 introitu
2444 1066 2511 1117 et
2537 1053 2731 1117 exitu
2778 1051 2971 1130 hujus

594 1157 911 1235 temporis
965 1157 1186 1236 spatij,
1237 1157 1402 1220 adeo
1459 1166 1535 1220 ut
1577 1157 1647 1218 in
1706 1157 1923 1218 medio
1978 1154 2127 1234 ejus
2182 1157 2367 1218 nulla
2422 1173 2693 1235 prorsus
2748 1153 2971 1216 umbra

595 1256 908 1319 notabilis
963 1259 1046 1320 de
1075 1267 1268 1320 nocte
1325 1257 1393 1320 in
1431 1267 1659 1320 nostro
1716 1257 2183 1336 hemisphaerio
2240 1265 2574 1336 appareat,
2610 1255 2725 1316 sed
2784 1254 2973 1315 etiam

593 1357 812 1436 ipsum
840 1357 1002 1420 solis
1027 1375 1268 1438 corpus
1297 1357 1533 1436 medijs
1563 1357 1871 1420 noctibus
1900 1357 2159 1436 integra
2188 1357 2557 1435 septimana
2584 1354 2737 1434 plus
2768 1355 2975 1414 minus

593 1457 664 1518 in
723 1467 948 1520 nostro
978 1457 1320 1520 horizonte
1375 1458 1464 1520 sit
1492 1458 1925 1537 conspicuum
1980 1459 2063 1518 ad
2106 1457 2544 1519 elevationem
2600 1454 2708 1517 vel
2750 1452 2971 1525 cubiti,

597 1557 770 1637 qvod
801 1558 1064 1638 propria
1093 1557 1508 1637 experientia
1536 1559 1813 1620 edoctus
1850 1558 1919 1620 in
1950 1557 2111 1620 locis
2156 1555 2525 1630 maritimis,
2563 1554 2677 1618 ubi
2731 1563 2981 1616 montes

599 1675 730 1718 non
761 1657 1154 1736 impediunt,
1192 1667 1335 1720 tum
1365 1659 1565 1720 etiam
1593 1678 1683 1721 ex
1712 1659 2049 1720 altissimis
2070 1657 2408 1720 montibus
2436 1657 2631 1718 facile
2651 1653 2975 1735 apparuit,

595 1765 978 1820 constanter
1025 1767 1092 1820 et
1120 1777 1276 1821 vere
1325 1777 1567 1821 assero.
1660 1761 1919 1820 Rursus
1968 1767 2192 1820 autem
2250 1758 2319 1818 in
2369 1755 2655 1820 brumali
2700 1754 2983 1816 solstitio

599 1857 895 1920 maximo
919 1857 1096 1921 diem
1126 1859 1388 1939 qvidem
1421 1859 1742 1922 habemus
1769 1859 1839 1920 in
1867 1859 2064 1937 plaga
2087 1857 2498 1920 meridionali
2526 1855 2711 1919 horis
2728 1855 2986 1917 circiter

599 1967 753 2021 octo
781 1966 898 2021 aut
929 1959 1009 2020 ad
1043 1959 1390 2022 minimum
1429 1968 1705 2039 septem,
1740 1959 1797 2020 si
1825 1959 2213 2038 crepuscula
2262 1958 2675 2020 adnumeres.
2770 1957 2983 2020 Solem

599 2078 758 2122 vero
787 2077 1126 2140 nunqvam
1145 2060 1534 2134 amittimus,
1560 2069 1635 2122 ut
1654 2059 1892 2122 volunt
1910 2059 2197 2139 qvidam,
2225 2059 2339 2120 sed
2362 2059 2469 2120 vel
2488 2057 2555 2118 in
2574 2057 2721 2136 ipso
2742 2064 2987 2135 puncto

600 2159 935 2222 solstitiali
987 2161 1287 2235 hyberno
1315 2160 1600 2222 insulam
1646 2169 1941 2222 nostram
1971 2160 2317 2222 collustrat
2369 2157 2505 2219 fere
2534 2167 2669 2219 tres
2697 2157 2993 2234 integras

603 2261 820 2335 horas,
851 2260 964 2323 ubi
985 2270 1298 2322 montana
1321 2279 1454 2322 non
1475 2261 1895 2323 obumbrant.
1988 2259 2211 2340 Atqve
2230 2259 2326 2320 ita
2352 2278 2423 2320 se
2446 2257 2689 2319 habere
2720 2275 2825 2318 res
2850 2257 2991 2334 ipsa

602 2360 918 2440 loqvitur,
967 2361 1711 2440 animadverteruntqve
1760 2361 2147 2422 iamdudum
2189 2359 2587 2421 nostratium
2636 2357 3013 2428 doctiore5,·

603 2461 779 2541 qvod
809 2461 1028 2539 ipsum
1057 2461 1126 2521 in
1156 2461 1434 2540 pagellis
1460 2462 1671 2540 patris
1708 2461 1835 2522 mei
1866 2461 2081 2522 beatae
2124 2459 2479 2533 memoriae,
2514 2458 2629 2538 qvi
2660 2457 2793 2520 fuit
2835 2455 2991 2517 olim

607 2561 674 2621 in
705 2560 1143 2623 matematicis
1185 2561 1554 2640 discipulus
1581 2561 1987 2623 celeberrimi
2030 2559 2386 2622 astronomi
2414 2557 2687 2620 Ticonis
2731 2557 2989 2627 Brahae‚

607 2661 885 2740 ideoqve
914 2661 1297 2723 observator
1326 2661 1531 2739 hujus
1561 2661 1654 2724 rei
1685 2681 1775 2723 ex
1804 2659 2257 2724 fundamentis
2284 2658 2745 2721 astronomicis
2772 2657 2991 2718 indus-

605 2762 796 2835 triuS,
843 2780 974 2822 non
1031 2761 1390 2824 oscitanter
1445 2771 1839 2824 annotatum
1897 2761 2165 2824 invenio
2220 2761 2289 2822 in
2344 2757 2867 2837 αὐτοσχεδιάσματε
2914 2757 2995 2816 de

607 2862 843 2942 patria,
895 2861 1008 2923 ubi
1054 2863 1200 2923 haec
1243 2863 1472 2924 addit:
1527 2865 1540 2892 ‘
1569 2863 1848 2924 Interim
1891 2880 2103 2941 neqve
2145 2870 2643 2923 contemnemus
2698 2858 2996 2920 studium

607 2982 820 3042 neqve
848 2962 1352 3041 supputationes
1380 2962 1793 3024 eruditorum
1823 2962 2139 3036 virorum,
2173 2961 2287 3041 qvi
2316 2971 2383 3022 et
2412 2959 2901 3038 longitudinem
2932 2966 2997 3018 et

612 3063 1038 3126 latitudinem
1125 3081 1242 3141 per
1313 3063 1598 3124 mediam
1671 3062 2033 3125 Islandiam
2103 3060 2325 3124 conati
2396 3069 2553 3122 sunt
2624 3061 2992 3121 ostendere.

611 3163 920 3226 Arbitror
976 3163 1153 3224 enim
1198 3166 1468 3225 Petrum
1527 3162 1911 3242 Appianum
1960 3171 2027 3224 et
2085 3161 2268 3235 alios,
2305 3161 2418 3240 qvi
2475 3161 2803 3222 calculum
2852 3159 3004 3238 eJ’us

609 3273 767 3326 sunt
817 3263 1061 3325 imitati
1097 3264 1213 3340 (de
1263 3263 1648 3341 longatione
1676 3263 2139 3341 parallelorum
2189 3263 2274 3323 ab
2304 3269 2637 3340 aeqvatore
2680 3278 2888 3338 usqve
2918 3260 2999 3320 ad

611 3365 1008 3441 Islandiam)
1084 3384 1216 3425 non
1288 3365 1574 3426 multum
1648 3383 1685 3424 a
1756 3382 1914 3425 vero
1985 3363 2337 3435 aberrasse,
2376 3362 2526 3424 &c.'
2621 3363 2792 3423 Haec
2862 3360 2996 3420 ille.

615 3466 960 3545 Qvomodo
988 3474 1212 3526 autem
1243 3465 1370 3527 ista
1399 3465 1621 3526 omnia
1651 3465 2052 3526 conveniant
2080 3482 2233 3525 cum
2262 3463 2512 3540 regulis
2540 3460 3007 3522 communibus

615 3575 680 3626 et
723 3565 1114 3642 vulgaribus
1153 3564 1595 3643 positionibus
1638 3573 2185 3637 astronomorum,
2224 3583 2357 3624 non
2400 3561 2687 3635 invenio,
2726 3561 3003 3640 ideoqve

616 3665 780 3724 mihi
810 3664 981 3725 fiunt
1026 3672 1213 3725 tanto
1244 3665 1455 3742 magis
1497 3664 1903 3738 admiranda,
1940 3663 2068 3738 nisi
2110 3664 2306 3724 liceat
2337 3661 2686 3740 imaginari
2731 3661 3004 3738 globum

617 3775 812 3828 terrae
842 3784 974 3825 non
1003 3783 1144 3825 esse
1175 3783 1378 3843 usqve
1409 3783 1663 3843 qvaqve
1693 3764 2073 3838 rotundum,
2096 3765 2208 3824 sed
2240 3763 2447 3825 instar
2476 3763 2583 3824 ovi
2616 3763 2999 3838 oblongum,

617 3885 700 3927 ne
730 3866 945 3926 dicam
974 3865 1367 3943 qvibusdam
1396 3865 1697 3944 partibus
1726 3866 1865 3926 suis
1894 3865 2265 3941 gibbosum,
2300 3883 2547 3942 nosqve
2575 3863 2701 3924 sub
2751 3861 3005 3922 extima

617 3966 999 4028 summitate
1093 3965 1413 4039 habitare,
1491 3966 1662 4042 qvod
1756 3966 1979 4043 probis
2062 3963 2455 4026 astronomis
2523 3962 3003 4041 dispiciendum

617 4067 936 4146 relianO,
973 4067 1276 4128 conscius
1305 4067 1615 4127 ruditatis
1648 4085 1810 4127 meae
1839 4066 1908 4125 in
1940 4074 2079 4127 tota
2111 4065 2429 4125 facultate
2459 4063 2916 4125 matematicae.

703 4192 1084 4266 Capitulum
1115 4192 1198 4252 11.
1289 4185 1697 4264 Qvamqvam
1730 4183 1933 4243 situm
1963 4183 2224 4242 dilectae
2256 4181 2418 4242 mihi
2448 4180 2685 4259 patriae
2715 4199 2881 4240 meae
2920 4199 3007 4240 ex

621 4284 1074 4348 fundamentis
1125 4283 1538 4361 astrologicis
1569 4293 1863 4344 astruere
1916 4292 2031 4344 aut
2062 4283 2393 4343 declarare
2446 4279 2803 4359 neqverim,
2844 4279 3006 4341 illud

621 4396 842 4448 tamen
874 4386 940 4447 in
972 4386 1272 4447 confesso
1302 4395 1422 4459 est,
1460 4394 1753 4445 nostram
1785 4385 1957 4444 hanc
1986 4382 2270 4444 insulam
2298 4380 2882 4459 septentrionalem
2928 4379 3013 4440 ab

621 4486 1012 4548 occidentali
1043 4494 1107 4548 et
1137 4487 1383 4547 boreali
1414 4488 1619 4547 latere
1678 4504 1715 4545 a
1748 4481 2159 4546 Grbnlandia
2218 4481 2419 4558 cingi,
2455 4480 3009 4559 qvemadmodum

624 4607 710 4648 ex
743 4587 936 4648 certis
966 4587 1314 4649 annalibus
1370 4596 1671 4649 veterum
1716 4593 1921 4664 patet.
2017 4583 2361 4661 Dependet
2420 4580 2598 4641 enim
2642 4581 3014 4642 secundum
