3242 5684
1174 654 1297 708 DE
1328 653 1554 708 MIRA
1560 652 1797 708 BILIB
1803 653 1903 709 US
2649 659 2728 720 39

328 827 535 906 longo
592 828 743 890 nisu
800 835 1080 906 tangant
1137 837 1205 890 et
1262 837 1567 906 urgeant,
1633 828 1843 891 donec
1898 827 2298 890 accendatur
2367 827 2565 906 ignis,
2615 825 2727 907 qvi

330 926 595 990 diutius
622 927 863 990 durare
892 927 1119 1008 neqvit
1148 927 1347 990 undis
1388 935 1456 990 et
1506 927 1824 990 fluctibus
1871 927 2444 1004 extingventibus,
2481 927 2608 989 nisi
2659 927 2730 988 in

332 1027 890 1107 temperatissimo
919 1026 1072 1090 aere
1122 1035 1189 1089 et
1219 1027 1385 1090 mari
1442 1027 1859 1090 sedatissimo
1915 1027 2112 1090 unica
2169 1027 2274 1090 vel
2302 1027 2508 1089 altera
2566 1027 2730 1089 hora

332 1135 598 1189 tantum
627 1128 985 1206 perdurare
1007 1135 1242 1207 potest.
1337 1130 1487 1190 Hoc
1508 1127 1728 1206 ipsum
1749 1145 1980 1190 revera
2006 1127 2101 1189 ita
2121 1145 2192 1190 se
2221 1126 2464 1188 habere
2484 1135 2728 1205 praeter

330 1235 595 1300 nautas,
633 1227 743 1307 qvi
774 1227 1131 1306 aliqvando
1146 1228 1229 1289 ad
1259 1227 1479 1289 locum
1508 1227 1712 1290 istum
1731 1226 2020 1304 ignitum
2047 1235 2116 1288 et
2133 1227 2724 1289 excandescentem

330 1327 608 1405 navigio
660 1328 968 1390 feruntur
1016 1336 1215 1406 atqve
1263 1327 1619 1390 oculariter
1667 1336 1890 1390 actum
1941 1327 2142 1389 istum
2193 1325 2560 1398 intuentur,
2617 1315 2726 1388 ‘vel

331 1427 481 1506 ipsa
538 1427 743 1505 ligna,
793 1445 943 1507 qvae
1000 1427 1338 1489 littoribus
1395 1427 1841 1507 appelluntur,
1878 1435 2142 1489 tantum
2197 1425 2433 1488 leviter
2489 1427 2726 1487 adusta

330 1528 811 1589 demonstrant.
907 1527 1036 1589 His
1084 1527 1456 1607 superaddo
1506 1525 1860 1588 luminaria
1905 1523 2232 1606 qvaedam'
2275 1525 2610 1588 manentia
2656 1533 2724 1586 et

332 1627 661 1688 haerentia
711 1627 779 1687 in
810 1626 1039 1689 infimo
1090 1626 1241 1689 aete
1288 1643 1489 1706 supra
1540 1645 1720 1688 mare
1769 1626 2107 1688 variarum
2155 1626 2538 1704 figurarum,
2574 1645 2724 1705 qvae

330 1726 717 1789 notabiliter
773 1735 1091 1806 apparent
1146 1727 1215 1788 in
1288 1726 1690 1789 australibus
1744 1725 1960 1805 plagis
2027 1727 2382 1806 praecipue,
2445 1744 2723 1805 qvorum

332 1827 583 1889 formas
612 1835 679 1888 et
710 1827 1139 1888 habitudines
1166 1825 1369 1889 latius
1396 1826 1732 1906 explicare
1761 1844 1894 1888 non
1924 1825 2217 1888 intendo.

418 1951 800 2024 Capitulum
830 1951 949 2011 VI.
1036 1941 1398 2023 Explicitis
1418 1942 1805 2005 brevissime
1826 1943 2134 2005 meteoris
2161 1942 2534 2022 praecipuis,
2572 1962 2722 2021 qvae

328 2045 657 2106 hactenus
674 2043 1093 2105 mediocriter
1110 2051 1527 2117 succurrunt,
1552 2043 1634 2104 ad
1665 2042 2182 2122 qvalemcunqve
2209 2043 2720 2122 descriptionem

325 2151 788 2224 portentorum
804 2161 1060 2205 summe
1081 2143 1475 2206 notabilium
1490 2141 1696 2220 huius
1713 2142 1952 2204 insulae
1971 2142 2317 2216 descendo,
2347 2141 2416 2202 in
2439 2161 2718 2221 qvorum

322 2244 474 2306 loco
532 2243 727 2304 facile
750 2239 1021 2322 'primus
1075 2243 1333 2305 obtinet
1376 2243 1699 2321 angvisne
1755 2260 1839 2303 an
1881 2258 2149 2320 serpena
2203 2241 2568 2314 fluviatilis,
2604 2242 2718 2321 qvi

322 2344 479 2406 visu
530 2343 1033 2420 fededignorum
1064 2343 1411 2404 hominum
1460 2342 1852 2405 creberrime
1881 2341 2188 2422 apparuit
2227 2342 2295 2402 in
2345 2340 2718 2420 profluente

322 2444 655 2517 orientali,
732 2441 1158 2520 Lagarfliote,
1246 2442 1585 2504 immensae
1684 2441 2186 2520 magnitudiniS,
2283 2441 2708 2512 strandvorm,

323 2544 595 2606 nomine
624 2543 852 2620 lingva
882 2543 1237 2620 norvegica
1268 2551 1607 2621 usurpato,
1645 2542 1756 2604 hic
1771 2552 1989 2604 tamen
2019 2541 2182 2603 satis
2203 2542 2709 2620 incompetente,

320 2644 481 2722 qvia
510 2643 851 2723 proprium
879 2644 1084 2717 deest,
1120 2642 1449 2722 appellare
1493 2642 1711 2716 liceat,
1747 2641 1943 2718 cujus
1970 2651 2338 2704 monstrosa
2380 2643 2716 2721 qvantitas

319 2763 532 2823 eaqve
588 2741 993 2804 incredibilis
1037 2742 1120 2803 ad
1181 2741 1670 2819 longitudinem
1700 2741 1950 2821 aliqvot
2007 2741 2374 2804 stadiorum
2401 2759 2542 2803 sese
2597 2761 2708 2802 ex-

316 2843 563 2907 tendit.
658 2844 801 2904 Nec
828 2843 1093 2916 desunt,
1129 2843 1241 2921 qvi
1270 2841 1760 2920 longitudinem
1789 2841 1936 2918 ejns
1956 2842 2040 2903 ad
2069 2841 2406 2919 integrum
2436 2841 2713 2903 milliare

315 2954 390 3008 et
449 2945 624 3005 ultra
653 2942 987 3022 porrigere
1043 2943 1311 3004 audent.
1405 2943 1473 3004 Is
1529 2942 1760 3003 eodem
1789 2941 1933 3003 loco
1981 2959 2238 3020 semper
2279 2941 2584 3020 apparuit
2641 2941 2712 3002 in

316 3043 721 3117 curvaturiS,
758 3050 833 3104 ut
862 3043 957 3103 ita
987 3042 1223 3116 dicam,
1261 3041 1424 3102 alias
1453 3041 1688 3116 tribus,
1725 3041 1887 3102 alias
1929 3041 2206 3114 duabuS‚
2243 3040 2406 3102 alias
2449 3048 2712 3102 tantum

316 3163 458 3208 una
490 3167 506 3218 ;
580 3143 865 3204 immane
924 3159 1163 3220 corpus
1221 3161 1329 3203 ex·
1366 3140 1554 3220 aqvis
1608 3140 2143 3220 profundissimis
2197 3140 2459 3201 exeruit
2519 3149 2711 3218 atqve

316 3243 631 3316 ostendit,
668 3261 818 3321 qvae
847 3241 1015 3304 visio
1046 3241 1455 3303 nostratibus
1481 3248 1803 3320 perpetuo
1832 3241 2048 3301 fuerat
2085 3237 2482 3318 prodigiosa.
2533 3241 2710 3300 Nam

310 3344 708 3424 plerumqve
765 3350 880 3403 aut
912 3359 1195 3402 annonae
1251 3340 1594 3403 caritatem
1653 3349 1770 3402 aut
1825 3340 2229 3416 singularem
2285 3347 2537 3416 pestem
2594 3347 2709 3400 aut

312 3451 711 3521 magnatum
754 3450 1033 3503 mortem
1061 3441 1203 3503 sive
1246 3440 1507 3520 qvidvis
1534 3440 1716 3501 aliud
1759 3439 2149 3519 portendere
2179 3446 2374 3518 atqve
2415 3439 2710 3501 ominare

312 3543 635 3616 credi-tur,
671 3540 777 3618 cuj
788 3559 867 3603 us
896 3549 1094 3620 caput
1126 3549 1191 3602 et
1222 3541 1433 3602 cauda
1455 3557 1793 3618 nunqvam
1813 3539 1977 3601 visa.
2071 3541 2324 3601 Rumor
2339 3547 2439 3600 est
2461 3539 2706 3618 episco-

308 3662 479 3724 pum
511 3642 839 3722 qvendam
869 3641 973 3702 vel
1022 3640 1224 3701 alium
1256 3639 1555 3720 qvemvis
1604 3640 1978 3700 sanctulum
2010 3639 2408 3700 exorcistam
2461 3639 2705 3701 ibidem

312 3744 647 3820 alligasse,
713 3741 885 3818 qvod
946 3749 1021 3802 ut
1080 3757 1293 3818 nugas
1348 3747 1413 3800 et
1472 3748 1785 3817 tanqvam
1845 3739 2138 3800 fabulam
2196 3739 2410 3800 obiter
2466 3742 2698 3801 refero,

315 3847 677 3922 Postqvam
735 3849 959 3902 autem
1016 3840 1211 3902 statis
1269 3839 1678 3917 temporibus
1733 3839 2183 3917 prodigiosum
2215 3857 2454 3917 corpus
2509 3859 2708 3918 supra

311 3959 521 4022 aqvas
550 3948 853 4003 erexerat
882 3948 948 4001 et
980 3938 1384 4018 aliqvamdiu
1414 3938 1797 4017 conspectui
1827 3956 2188 4017 paucorum
2221 3946 2482 3999 tantum
2509 3939 2706 4000 simul

306 4044 705 4108 obversatus
735 4041 974 4113 fuerat,
1012 4039 1184 4118 qvod
1233 4039 1330 4100 illi
1361 4047 1656 4099 monstro
1703 4039 1839 4098 fere
1868 4038 2034 4099 solet
2085 4055 2224 4099 esse
2253 4047 2572 4115 perpetuo
2622 4039 2704 4100 ad

308 4143 517 4207 unius
547 4141 804 4202 horulae
826 4140 975 4218 plus
1005 4139 1225 4200 minus
1247 4138 1535 4216 spatium
1564 4160 1578 4211 3
1626 4138 1865 4200 iterum
1895 4156 1965 4198 se
1995 4136 2180 4214 aqvis
2209 4135 2528 4214 paulatim
2551 4137 2702 4198 sub-

307 4242 556 4319 mergit
588 4241 763 4301 facta
794 4238 1041 4315 insigni
1072 4237 1510 4299 commotione
1540 4237 1737 4317 idqve
1767 4255 1897 4296 non
1928 4253 2184 4314 semper
2211 4235 2502 4297 locorum
2545 4235 2702 4297 vici-

304 4360 573 4414 norum,
610 4340 773 4401 adeo
804 4347 877 4400 ut
910 4338 1189 4400 aedificia
1211 4337 1578 4416 propinqva
1608 4335 1796 4414 qvasi
1827 4343 2211 4396 terraemotu
2238 4334 2520 4413 qvodam
2550 4336 2699 4396 sub-

305 4450 459 4506 acta
491 4448 803 4502 corruant
834 4447 899 4500 et
930 4455 1120 4516 aqvae
1159 4435 1550 4515 profluentis
1600 4437 1682 4496 ad
1735 4444 2080 4514 utramqve
2131 4434 2343 4513 ripam
2390 4452 2699 4512 magnam

306 4539 819 4604 inundationem
838 4539 918 4598 ad
945 4548 1207 4615 tempus
1229 4535 1538 4610 sentiant,
1567 4544 1795 4615 postea
1819 4542 2042 4595 autem
2069 4533 2306 4595 leniter
2332 4533 2696 4599 desideant.

378 4677 397 4707 ²
411 4675 483 4724 In
506 4672 607 4723 the
629 4667 854 4736 margin
878 4685 890 4720 ε
927 4665 1293 4734 Bragdelldr.
