<?xml version="1.0" encoding="UTF-8"?>
<!DOCTYPE html PUBLIC "-//W3C//DTD XHTML 1.0 Transitional//EN"
    "http://www.w3.org/TR/xhtml1/DTD/xhtml1-transitional.dtd">
<html xmlns="http://www.w3.org/1999/xhtml" xml:lang="en" lang="en">
 <head>
  <title>
</title>
<meta http-equiv="Content-Type" content="text/html;charset=utf-8" />
  <meta name='ocr-system' content='tesseract 3.04.00' />
  <meta name='ocr-capabilities' content='ocr_page ocr_carea ocr_par ocr_line ocrx_word'/>
</head>
<body>
  <div class='ocr_page' id='page_1' title='image "annaliuminislan00hermgoog_0063.png"; bbox 0 0 3242 5684; ppageno 0'>
   <div class='ocr_carea' id='block_1_1' title="bbox 583 639 2011 716">
    <p class='ocr_par' dir='ltr' id='par_1_1' title="bbox 583 639 2011 716">
     <span class='ocr_line' id='line_1_1' title="bbox 583 639 2011 716; baseline 0.002 -21"><span class='ocrx_word' id='word_1_1' title='bbox 583 639 663 716; x_wconf 81' lang='lat'><strong>3⁶</strong></span> <span class='ocrx_word' id='word_1_2' title='bbox 1545 644 1669 699; x_wconf 77' lang='lat'><strong>151.</strong></span> <span class='ocrx_word' id='word_1_3' title='bbox 1677 645 2011 700; x_wconf 76' lang='grc' dir='ltr'><em>ΑΝοΙσΑ</em></span> 
     </span>
    </p>
   </div>
   <div class='ocr_carea' id='block_1_2' title="bbox 579 813 2967 2292">
    <p class='ocr_par' dir='ltr' id='par_1_2' title="bbox 579 813 2967 2292">
     <span class='ocr_line' id='line_1_2' title="bbox 581 813 2959 894; baseline 0 -18"><span class='ocrx_word' id='word_1_4' title='bbox 581 813 834 876; x_wconf 85' lang='lat' dir='ltr'><strong>volans.</strong></span> <span class='ocrx_word' id='word_1_5' title='bbox 929 815 1111 876; x_wconf 83' lang='lat' dir='ltr'>Huic</span> <span class='ocrx_word' id='word_1_6' title='bbox 1181 813 1374 876; x_wconf 87' lang='lat' dir='ltr'><strong>affine</strong></span> <span class='ocrx_word' id='word_1_7' title='bbox 1444 823 1567 888; x_wconf 89' lang='lat' dir='ltr'><strong>est,</strong></span> <span class='ocrx_word' id='word_1_8' title='bbox 1617 814 1791 894; x_wconf 89' lang='lat' dir='ltr'><strong>qvod</strong></span> <span class='ocrx_word' id='word_1_9' title='bbox 1868 814 2263 894; x_wconf 77' lang='lat' dir='ltr'><strong>vijgabrand</strong></span> <span class='ocrx_word' id='word_1_10' title='bbox 2313 815 2501 894; x_wconf 87' lang='lat' dir='ltr'><strong>qvasi</strong></span> <span class='ocrx_word' id='word_1_11' title='bbox 2572 817 2959 878; x_wconf 85' lang='lat' dir='ltr'><strong>machaeram</strong></span> 
     </span>
     <span class='ocr_line' id='line_1_3' title="bbox 583 913 2961 995; baseline 0 -21"><span class='ocrx_word' id='word_1_12' title='bbox 583 913 925 992; x_wconf 75' lang='lat' dir='ltr'><strong>homicidii</strong></span> <span class='ocrx_word' id='word_1_13' title='bbox 959 915 1378 976; x_wconf 90' lang='lat' dir='ltr'><strong>nominamus</strong></span> <span class='ocrx_word' id='word_1_14' title='bbox 1403 937 1417 986; x_wconf 77' lang='lat'>3</span> <span class='ocrx_word' id='word_1_15' title='bbox 1464 915 1639 994; x_wconf 88' lang='lat' dir='ltr'><strong>qvod</strong></span> <span class='ocrx_word' id='word_1_16' title='bbox 1669 913 1871 976; x_wconf 91' lang='lat' dir='ltr'><strong>etiam</strong></span> <span class='ocrx_word' id='word_1_17' title='bbox 1902 915 2285 994; x_wconf 89' lang='lat' dir='ltr'><strong>plerumqve</strong></span> <span class='ocrx_word' id='word_1_18' title='bbox 2308 915 2391 976; x_wconf 86' lang='lat' dir='ltr'><strong>de</strong></span> <span class='ocrx_word' id='word_1_19' title='bbox 2412 915 2717 995; x_wconf 87' lang='lat' dir='ltr'><strong>supernis</strong></span> <span class='ocrx_word' id='word_1_20' title='bbox 2735 915 2961 978; x_wconf 84' lang='lat' dir='ltr'><strong>volitat</strong></span> 
     </span>
     <span class='ocr_line' id='line_1_4' title="bbox 579 1013 2962 1094; baseline 0 -20"><span class='ocrx_word' id='word_1_21' title='bbox 579 1015 908 1088; x_wconf 88' lang='lat' dir='ltr'><strong>deorsum,</strong></span> <span class='ocrx_word' id='word_1_22' title='bbox 945 1013 1158 1092; x_wconf 87' lang='lat' dir='ltr'><strong>figura</strong></span> <span class='ocrx_word' id='word_1_23' title='bbox 1185 1013 1246 1092; x_wconf 87' lang='lat' dir='ltr'><strong>ej</strong></span> <span class='ocrx_word' id='word_1_24' title='bbox 1257 1032 1336 1076; x_wconf 87' lang='lat' dir='ltr'><strong>us</strong></span> <span class='ocrx_word' id='word_1_25' title='bbox 1361 1014 1719 1094; x_wconf 72' lang='lat' dir='ltr'><strong>pugionem</strong></span> <span class='ocrx_word' id='word_1_26' title='bbox 1752 1014 2176 1094; x_wconf 87' lang='lat' dir='ltr'><strong>undiqvaqve</strong></span> <span class='ocrx_word' id='word_1_27' title='bbox 2206 1023 2633 1094; x_wconf 74' lang='lat' dir='ltr'>representat,</span> <span class='ocrx_word' id='word_1_28' title='bbox 2664 1015 2779 1094; x_wconf 81' lang='lat' dir='ltr'><strong>qvi</strong></span> <span class='ocrx_word' id='word_1_29' title='bbox 2809 1015 2962 1076; x_wconf 88' lang='lat' dir='ltr'><strong>alias</strong></span> 
     </span>
     <span class='ocr_line' id='line_1_5' title="bbox 579 1113 2961 1194; baseline 0 -20"><span class='ocrx_word' id='word_1_30' title='bbox 579 1113 826 1176; x_wconf 82' lang='lat' dir='ltr'>decidit</span> <span class='ocrx_word' id='word_1_31' title='bbox 883 1114 952 1176; x_wconf 91' lang='lat' dir='ltr'><strong>in</strong></span> <span class='ocrx_word' id='word_1_32' title='bbox 983 1114 1342 1194; x_wconf 86' lang='lat' dir='ltr'><strong>cuspidem,</strong></span> <span class='ocrx_word' id='word_1_33' title='bbox 1379 1113 1544 1175; x_wconf 89' lang='lat' dir='ltr'><strong>alias</strong></span> <span class='ocrx_word' id='word_1_34' title='bbox 1591 1114 1661 1176; x_wconf 88' lang='lat' dir='ltr'><strong>in</strong></span> <span class='ocrx_word' id='word_1_35' title='bbox 1706 1114 2015 1193; x_wconf 88' lang='lat' dir='ltr'><strong>capulum</strong></span> <span class='ocrx_word' id='word_1_36' title='bbox 2072 1114 2345 1194; x_wconf 82' lang='lat' dir='ltr'>cuspide</span> <span class='ocrx_word' id='word_1_37' title='bbox 2400 1124 2717 1194; x_wconf 88' lang='lat' dir='ltr'><strong>seqvente</strong></span> <span class='ocrx_word' id='word_1_38' title='bbox 2772 1115 2961 1194; x_wconf 88' lang='lat' dir='ltr'><strong>idqve</strong></span> 
     </span>
     <span class='ocr_line' id='line_1_6' title="bbox 581 1213 2963 1294; baseline -0 -18"><span class='ocrx_word' id='word_1_39' title='bbox 581 1214 847 1294; x_wconf 80' lang='lat' dir='ltr'><strong>saepius,</strong></span> <span class='ocrx_word' id='word_1_40' title='bbox 882 1213 1216 1293; x_wconf 89' lang='lat' dir='ltr'><strong>reliqvans</strong></span> <span class='ocrx_word' id='word_1_41' title='bbox 1268 1223 1418 1293; x_wconf 90' lang='lat' dir='ltr'><strong>post</strong></span> <span class='ocrx_word' id='word_1_42' title='bbox 1445 1231 1516 1276; x_wconf 88' lang='lat' dir='ltr'><strong>se</strong></span> <span class='ocrx_word' id='word_1_43' title='bbox 1575 1213 1859 1292; x_wconf 86' lang='lat' dir='ltr'><strong>vestigia</strong></span> <span class='ocrx_word' id='word_1_44' title='bbox 1902 1214 1971 1274; x_wconf 92' lang='lat' dir='ltr'><strong>in</strong></span> <span class='ocrx_word' id='word_1_45' title='bbox 2030 1214 2323 1277; x_wconf 90' lang='lat' dir='ltr'><strong>nubibus</strong></span> <span class='ocrx_word' id='word_1_46' title='bbox 2363 1215 2548 1294; x_wconf 89' lang='lat' dir='ltr'><strong>qvasi</strong></span> <span class='ocrx_word' id='word_1_47' title='bbox 2606 1215 2963 1294; x_wconf 87' lang='lat' dir='ltr'><strong>pellucidas</strong></span> 
     </span>
     <span class='ocr_line' id='line_1_7' title="bbox 581 1313 2961 1394; baseline -0 -20"><span class='ocrx_word' id='word_1_48' title='bbox 581 1313 906 1376; x_wconf 76' lang='lat' dir='ltr'><strong>fenestras</strong></span> <span class='ocrx_word' id='word_1_49' title='bbox 945 1333 1182 1394; x_wconf 83' lang='lat' dir='ltr'><strong>easqve</strong></span> <span class='ocrx_word' id='word_1_50' title='bbox 1211 1313 1532 1394; x_wconf 87' lang='lat' dir='ltr'><strong>plurimas</strong></span> <span class='ocrx_word' id='word_1_51' title='bbox 1575 1331 1651 1374; x_wconf 87' lang='lat' dir='ltr'><strong>ac</strong></span> <span class='ocrx_word' id='word_1_52' title='bbox 1682 1314 2090 1386; x_wconf 88' lang='lat' dir='ltr'><strong>minutulas;</strong></span> <span class='ocrx_word' id='word_1_53' title='bbox 2136 1315 2305 1376; x_wconf 92' lang='lat' dir='ltr'><strong>lenis</strong></span> <span class='ocrx_word' id='word_1_54' title='bbox 2354 1315 2579 1391; x_wconf 85' lang='lat' dir='ltr'><strong>fragor</strong></span> <span class='ocrx_word' id='word_1_55' title='bbox 2606 1314 2691 1375; x_wconf 89' lang='lat' dir='ltr'><strong>ab</strong></span> <span class='ocrx_word' id='word_1_56' title='bbox 2740 1315 2961 1376; x_wconf 88' lang='lat' dir='ltr'><strong>eodem</strong></span> 
     </span>
     <span class='ocr_line' id='line_1_8' title="bbox 581 1413 2961 1493; baseline -0.001 -17"><span class='ocrx_word' id='word_1_57' title='bbox 581 1413 920 1476; x_wconf 76' lang='lat' dir='ltr'><strong>desidente</strong></span> <span class='ocrx_word' id='word_1_58' title='bbox 977 1414 1330 1493; x_wconf 89' lang='lat' dir='ltr'><strong>aliqvando</strong></span> <span class='ocrx_word' id='word_1_59' title='bbox 1387 1413 1769 1486; x_wconf 79' lang='lat' dir='ltr'><strong>exauditur,</strong></span> <span class='ocrx_word' id='word_1_60' title='bbox 1806 1433 1939 1476; x_wconf 93' lang='lat' dir='ltr'><strong>non</strong></span> <span class='ocrx_word' id='word_1_61' title='bbox 1997 1432 2274 1493; x_wconf 82' lang='lat' dir='ltr'><strong>semper,</strong></span> <span class='ocrx_word' id='word_1_62' title='bbox 2312 1423 2627 1493; x_wconf 88' lang='lat' dir='ltr'><strong>tanqvam</strong></span> <span class='ocrx_word' id='word_1_63' title='bbox 2654 1414 2739 1474; x_wconf 89' lang='lat' dir='ltr'><strong>de</strong></span> <span class='ocrx_word' id='word_1_64' title='bbox 2796 1414 2961 1476; x_wconf 91' lang='lat' dir='ltr'><strong>ferro</strong></span> 
     </span>
     <span class='ocr_line' id='line_1_9' title="bbox 579 1512 2967 1594; baseline -0.001 -20"><span class='ocrx_word' id='word_1_65' title='bbox 579 1513 798 1592; x_wconf 88' lang='lat' dir='ltr'><strong>ignito</strong></span> <span class='ocrx_word' id='word_1_66' title='bbox 825 1513 894 1574; x_wconf 90' lang='lat' dir='ltr'><strong>in</strong></span> <span class='ocrx_word' id='word_1_67' title='bbox 926 1512 1170 1592; x_wconf 87' lang='lat' dir='ltr'><strong>frigida</strong></span> <span class='ocrx_word' id='word_1_68' title='bbox 1198 1513 1688 1576; x_wconf 82' lang='lat' dir='ltr'><strong>effervescente.</strong></span> <span class='ocrx_word' id='word_1_69' title='bbox 1784 1516 2015 1590; x_wconf 83' lang='lat' dir='ltr'><strong>Ignem</strong></span> <span class='ocrx_word' id='word_1_70' title='bbox 2037 1533 2295 1594; x_wconf 85' lang='lat' dir='ltr'><strong>qvoqve</strong></span> <span class='ocrx_word' id='word_1_71' title='bbox 2317 1513 2602 1588; x_wconf 88' lang='lat' dir='ltr'><strong>fatuum,</strong></span> <span class='ocrx_word' id='word_1_72' title='bbox 2628 1514 2967 1575; x_wconf 83' lang='lat' dir='ltr'><strong>runnaelld</strong></span> 
     </span>
     <span class='ocr_line' id='line_1_10' title="bbox 583 1613 2955 1692; baseline -0 -17"><span class='ocrx_word' id='word_1_73' title='bbox 583 1614 688 1675; x_wconf 87' lang='lat' dir='ltr'><strong>vel</strong></span> <span class='ocrx_word' id='word_1_74' title='bbox 727 1613 1062 1692; x_wconf 87' lang='lat' dir='ltr'><strong>jard-elld,</strong></span> <span class='ocrx_word' id='word_1_75' title='bbox 1099 1613 1168 1674; x_wconf 92' lang='lat' dir='ltr'><strong>in</strong></span> <span class='ocrx_word' id='word_1_76' title='bbox 1213 1613 1422 1688; x_wconf 89' lang='lat' dir='ltr'><strong>sylvis</strong></span> <span class='ocrx_word' id='word_1_77' title='bbox 1462 1613 1799 1692; x_wconf 86' lang='lat' dir='ltr'><strong>praecipue</strong></span> <span class='ocrx_word' id='word_1_78' title='bbox 1854 1623 1921 1676; x_wconf 90' lang='lat' dir='ltr'><strong>et</strong></span> <span class='ocrx_word' id='word_1_79' title='bbox 1966 1614 2255 1675; x_wconf 84' lang='lat' dir='ltr'><strong>arbustis</strong></span> <span class='ocrx_word' id='word_1_80' title='bbox 2296 1623 2491 1676; x_wconf 86' lang='lat' dir='ltr'><strong>terrae</strong></span> <span class='ocrx_word' id='word_1_81' title='bbox 2547 1615 2955 1691; x_wconf 69' lang='lat' dir='ltr'><strong>agnovimus</strong></span> 
     </span>
     <span class='ocr_line' id='line_1_11' title="bbox 581 1713 2963 1790; baseline -0.001 -14"><span class='ocrx_word' id='word_1_82' title='bbox 581 1713 824 1776; x_wconf 86' lang='lat' dir='ltr'><strong>Stellas</strong></span> <span class='ocrx_word' id='word_1_83' title='bbox 879 1713 1208 1786; x_wconf 88' lang='lat' dir='ltr'><strong>cadentes,</strong></span> <span class='ocrx_word' id='word_1_84' title='bbox 1271 1713 1594 1774; x_wconf 87' lang='lat' dir='ltr'><strong>scintillas</strong></span> <span class='ocrx_word' id='word_1_85' title='bbox 1652 1713 1951 1776; x_wconf 81' lang='lat' dir='ltr'><strong>volantes</strong></span> <span class='ocrx_word' id='word_1_86' title='bbox 2016 1723 2083 1775; x_wconf 93' lang='lat' dir='ltr'><strong>et</strong></span> <span class='ocrx_word' id='word_1_87' title='bbox 2142 1722 2417 1776; x_wconf 84' lang='lat' dir='ltr'><strong>caeteras</strong></span> <span class='ocrx_word' id='word_1_88' title='bbox 2484 1713 2963 1790; x_wconf 83' lang='lat' dir='ltr'><strong>fulgurationes</strong></span> 
     </span>
     <span class='ocr_line' id='line_1_12' title="bbox 582 1813 2960 1893; baseline 0 -21"><span class='ocrx_word' id='word_1_89' title='bbox 582 1813 801 1873; x_wconf 89' lang='lat' dir='ltr'><strong>varias</strong></span> <span class='ocrx_word' id='word_1_90' title='bbox 830 1832 962 1874; x_wconf 93' lang='lat' dir='ltr'><strong>non</strong></span> <span class='ocrx_word' id='word_1_91' title='bbox 989 1813 1132 1874; x_wconf 90' lang='lat' dir='ltr'><strong>sine</strong></span> <span class='ocrx_word' id='word_1_92' title='bbox 1163 1813 1532 1874; x_wconf 87' lang='lat' dir='ltr'><strong>reverentia</strong></span> <span class='ocrx_word' id='word_1_93' title='bbox 1561 1831 1853 1893; x_wconf 86' lang='lat' dir='ltr'><strong>persaepe</strong></span> <span class='ocrx_word' id='word_1_94' title='bbox 1884 1813 2309 1874; x_wconf 88' lang='lat' dir='ltr'><strong>admiramur.</strong></span> <span class='ocrx_word' id='word_1_95' title='bbox 2402 1813 2510 1874; x_wconf 91' lang='lat' dir='ltr'><strong>Ad</strong></span> <span class='ocrx_word' id='word_1_96' title='bbox 2542 1815 2688 1875; x_wconf 84' lang='lat' dir='ltr'><strong>haec</strong></span> <span class='ocrx_word' id='word_1_97' title='bbox 2718 1814 2860 1876; x_wconf 88' lang='lat' dir='ltr'><strong>visa</strong></span> <span class='ocrx_word' id='word_1_98' title='bbox 2900 1821 2960 1873; x_wconf 90' lang='lat' dir='ltr'><strong>et</strong></span> 
     </span>
     <span class='ocr_line' id='line_1_13' title="bbox 581 1913 2959 1992; baseline -0.001 -18"><span class='ocrx_word' id='word_1_99' title='bbox 581 1921 842 1974; x_wconf 88' lang='lat' dir='ltr'><strong>ostenta</strong></span> <span class='ocrx_word' id='word_1_100' title='bbox 872 1913 1054 1974; x_wconf 85' lang='lat' dir='ltr'><strong>varia</strong></span> <span class='ocrx_word' id='word_1_101' title='bbox 1083 1913 1198 1975; x_wconf 66' lang='lat' dir='ltr'><strong>aet</strong></span> <span class='ocrx_word' id='word_1_102' title='bbox 1227 1913 1466 1988; x_wconf 86' lang='lat' dir='ltr'><strong>vibrat,</strong></span> <span class='ocrx_word' id='word_1_103' title='bbox 1503 1913 1723 1992; x_wconf 87' lang='lat' dir='ltr'><strong>qvalia</strong></span> <span class='ocrx_word' id='word_1_104' title='bbox 1752 1922 1909 1974; x_wconf 88' lang='lat' dir='ltr'><strong>suut</strong></span> <span class='ocrx_word' id='word_1_105' title='bbox 1938 1922 2216 1974; x_wconf 82' lang='lat' dir='ltr'><strong>cornetae</strong></span> <span class='ocrx_word' id='word_1_106' title='bbox 2254 1913 2653 1990; x_wconf 86' lang='lat' dir='ltr'><strong>insigniores</strong></span> <span class='ocrx_word' id='word_1_107' title='bbox 2702 1913 2959 1975; x_wconf 89' lang='lat' dir='ltr'><strong>caudati</strong></span> 
     </span>
     <span class='ocr_line' id='line_1_14' title="bbox 582 2012 2961 2091; baseline -0.001 -17"><span class='ocrx_word' id='word_1_108' title='bbox 582 2013 686 2074; x_wconf 87' lang='lat' dir='ltr'><strong>vel</strong></span> <span class='ocrx_word' id='word_1_109' title='bbox 718 2013 904 2091; x_wconf 88' lang='lat' dir='ltr'><strong>qvasi</strong></span> <span class='ocrx_word' id='word_1_110' title='bbox 935 2013 1178 2074; x_wconf 88' lang='lat' dir='ltr'><strong>criniti.</strong></span> <span class='ocrx_word' id='word_1_111' title='bbox 1271 2015 1444 2074; x_wconf 91' lang='lat' dir='ltr'><strong>Item</strong></span> <span class='ocrx_word' id='word_1_112' title='bbox 1475 2013 1687 2091; x_wconf 87' lang='lat' dir='ltr'><strong>virgae</strong></span> <span class='ocrx_word' id='word_1_113' title='bbox 1716 2021 1831 2074; x_wconf 92' lang='lat' dir='ltr'><strong>aut</strong></span> <span class='ocrx_word' id='word_1_114' title='bbox 1864 2012 2068 2090; x_wconf 84' lang='lat' dir='ltr'><strong>gladij</strong></span> <span class='ocrx_word' id='word_1_115' title='bbox 2102 2022 2449 2074; x_wconf 88' lang='lat' dir='ltr'><strong>manentes</strong></span> <span class='ocrx_word' id='word_1_116' title='bbox 2476 2021 2594 2074; x_wconf 87' lang='lat' dir='ltr'><strong>aut</strong></span> <span class='ocrx_word' id='word_1_117' title='bbox 2637 2014 2961 2074; x_wconf 79' lang='lat' dir='ltr'><strong>haerentes</strong></span> 
     </span>
     <span class='ocr_line' id='line_1_15' title="bbox 581 2111 2961 2192; baseline -0 -18"><span class='ocrx_word' id='word_1_118' title='bbox 581 2113 766 2190; x_wconf 86' lang='lat' dir='ltr'><strong>qvasi</strong></span> <span class='ocrx_word' id='word_1_119' title='bbox 797 2113 868 2174; x_wconf 90' lang='lat' dir='ltr'><strong>in</strong></span> <span class='ocrx_word' id='word_1_120' title='bbox 897 2113 1114 2176; x_wconf 86' lang='lat' dir='ltr'><strong>medio</strong></span> <span class='ocrx_word' id='word_1_121' title='bbox 1145 2113 1294 2175; x_wconf 86' lang='lat' dir='ltr'><strong>a’e&#39;re</strong></span> <span class='ocrx_word' id='word_1_122' title='bbox 1323 2113 1671 2174; x_wconf 88' lang='lat' dir='ltr'><strong>candentis</strong></span> <span class='ocrx_word' id='word_1_123' title='bbox 1698 2113 1825 2175; x_wconf 80' lang='lat' dir='ltr'><strong>viri</strong></span> <span class='ocrx_word' id='word_1_124' title='bbox 1858 2121 1973 2174; x_wconf 91' lang='lat' dir='ltr'><strong>aut</strong></span> <span class='ocrx_word' id='word_1_125' title='bbox 2001 2113 2189 2192; x_wconf 86' lang='lat' dir='ltr'><strong>pueri</strong></span> <span class='ocrx_word' id='word_1_126' title='bbox 2222 2113 2454 2175; x_wconf 87' lang='lat' dir='ltr'><strong>forma.</strong></span> <span class='ocrx_word' id='word_1_127' title='bbox 2544 2111 2722 2174; x_wconf 86' lang='lat' dir='ltr'><strong>Tu&#39;m</strong></span> <span class='ocrx_word' id='word_1_128' title='bbox 2770 2115 2961 2174; x_wconf 89' lang='lat' dir='ltr'><strong>etiam</strong></span> 
     </span>
     <span class='ocr_line' id='line_1_16' title="bbox 581 2213 2961 2292; baseline -0.001 -18"><span class='ocrx_word' id='word_1_129' title='bbox 581 2213 900 2274; x_wconf 90' lang='lat' dir='ltr'><strong>militares</strong></span> <span class='ocrx_word' id='word_1_130' title='bbox 956 2222 1194 2278; x_wconf 88' lang='lat' dir='ltr'><strong>turmae</strong></span> <span class='ocrx_word' id='word_1_131' title='bbox 1252 2213 1627 2292; x_wconf 88' lang='lat' dir='ltr'><strong>aliqvando,</strong></span> <span class='ocrx_word' id='word_1_132' title='bbox 1662 2232 1813 2292; x_wconf 85' lang='lat' dir='ltr'><strong>qvae</strong></span> <span class='ocrx_word' id='word_1_133' title='bbox 1868 2213 2091 2274; x_wconf 89' lang='lat' dir='ltr'><strong>omnia</strong></span> <span class='ocrx_word' id='word_1_134' title='bbox 2119 2221 2184 2273; x_wconf 90' lang='lat' dir='ltr'><strong>et</strong></span> <span class='ocrx_word' id='word_1_135' title='bbox 2244 2221 2483 2274; x_wconf 87' lang='lat' dir='ltr'><strong>caetera</strong></span> <span class='ocrx_word' id='word_1_136' title='bbox 2534 2213 2703 2274; x_wconf 88' lang='lat' dir='ltr'><strong>forte</strong></span> <span class='ocrx_word' id='word_1_137' title='bbox 2761 2214 2961 2274; x_wconf 90' lang='lat' dir='ltr'><strong>multa</strong></span> 
     </span>
    </p>
   </div>
   <div class='ocr_carea' id='block_1_3' title="bbox 579 2321 2962 2798">
    <p class='ocr_par' dir='ltr' id='par_1_3' title="bbox 579 2321 2962 2798">
     <span class='ocr_line' id='line_1_17' title="bbox 581 2321 2955 2401; baseline 0 -19"><span class='ocrx_word' id='word_1_138' title='bbox 581 2323 963 2401; x_wconf 87' lang='lat' dir='ltr'><strong>pluralitate</strong></span> <span class='ocrx_word' id='word_1_139' title='bbox 1005 2341 1126 2384; x_wconf 89' lang='lat' dir='ltr'><strong>sua</strong></span> <span class='ocrx_word' id='word_1_140' title='bbox 1169 2331 1364 2399; x_wconf 89' lang='lat' dir='ltr'><strong>atqve</strong></span> <span class='ocrx_word' id='word_1_141' title='bbox 1409 2321 1801 2383; x_wconf 88' lang='lat' dir='ltr'><strong>assiduitate</strong></span> <span class='ocrx_word' id='word_1_142' title='bbox 1858 2321 2209 2383; x_wconf 88' lang='lat' dir='ltr'><strong>vilescunt.</strong></span> <span class='ocrx_word' id='word_1_143' title='bbox 2332 2323 2567 2401; x_wconf 83' lang='lat' dir='ltr'><strong>Caprae</strong></span> <span class='ocrx_word' id='word_1_144' title='bbox 2625 2324 2955 2394; x_wconf 80' lang='lat' dir='ltr'><strong>saltanteS,</strong></span> 
     </span>
     <span class='ocr_line' id='line_1_18' title="bbox 579 2420 2959 2501; baseline -0.001 -19"><span class='ocrx_word' id='word_1_145' title='bbox 579 2422 932 2483; x_wconf 88' lang='lat' dir='ltr'><strong>draconem</strong></span> <span class='ocrx_word' id='word_1_146' title='bbox 963 2423 1296 2484; x_wconf 88' lang='lat' dir='ltr'><strong>volantem</strong></span> <span class='ocrx_word' id='word_1_147' title='bbox 1326 2431 1523 2501; x_wconf 88' lang='lat' dir='ltr'><strong>atqve</strong></span> <span class='ocrx_word' id='word_1_148' title='bbox 1553 2421 1837 2498; x_wconf 90' lang='lat' dir='ltr'><strong>idgenus</strong></span> <span class='ocrx_word' id='word_1_149' title='bbox 1868 2421 2173 2500; x_wconf 88' lang='lat' dir='ltr'><strong>qvaedam</strong></span> <span class='ocrx_word' id='word_1_150' title='bbox 2204 2430 2492 2482; x_wconf 89' lang='lat' dir='ltr'><strong>meteora</strong></span> <span class='ocrx_word' id='word_1_151' title='bbox 2516 2420 2669 2498; x_wconf 88' lang='lat' dir='ltr'><strong>alijs</strong></span> <span class='ocrx_word' id='word_1_152' title='bbox 2690 2422 2959 2483; x_wconf 88' lang='lat' dir='ltr'><strong>nationi-</strong></span> 
     </span>
     <span class='ocr_line' id='line_1_19' title="bbox 580 2521 2962 2600; baseline -0.001 -18"><span class='ocrx_word' id='word_1_153' title='bbox 580 2522 706 2582; x_wconf 89' lang='lat' dir='ltr'><strong>bus</strong></span> <span class='ocrx_word' id='word_1_154' title='bbox 762 2531 1024 2582; x_wconf 88' lang='lat' dir='ltr'><strong>tantum</strong></span> <span class='ocrx_word' id='word_1_155' title='bbox 1055 2540 1188 2582; x_wconf 90' lang='lat' dir='ltr'><strong>non</strong></span> <span class='ocrx_word' id='word_1_156' title='bbox 1246 2521 1631 2599; x_wconf 89' lang='lat' dir='ltr'><strong>qvotidiana</strong></span> <span class='ocrx_word' id='word_1_157' title='bbox 1676 2540 1758 2582; x_wconf 88' lang='lat' dir='ltr'><strong>ne</strong></span> <span class='ocrx_word' id='word_1_158' title='bbox 1816 2521 2123 2582; x_wconf 92' lang='lat' dir='ltr'><strong>novimus</strong></span> <span class='ocrx_word' id='word_1_159' title='bbox 2165 2521 2451 2600; x_wconf 91' lang='lat' dir='ltr'><strong>qvidem.</strong></span> <span class='ocrx_word' id='word_1_160' title='bbox 2544 2522 2833 2600; x_wconf 87' lang='lat' dir='ltr'><strong>Ideoqve</strong></span> <span class='ocrx_word' id='word_1_161' title='bbox 2886 2522 2962 2581; x_wconf 90' lang='lat' dir='ltr'><strong>de</strong></span> 
     </span>
     <span class='ocr_line' id='line_1_20' title="bbox 582 2620 2959 2699; baseline -0 -18"><span class='ocrx_word' id='word_1_162' title='bbox 582 2621 892 2682; x_wconf 90' lang='lat' dir='ltr'><strong>meteoris</strong></span> <span class='ocrx_word' id='word_1_163' title='bbox 919 2620 1092 2682; x_wconf 67' lang='lat' dir='ltr'><strong>aeris</strong></span> <span class='ocrx_word' id='word_1_164' title='bbox 1142 2621 1444 2682; x_wconf 87' lang='lat' dir='ltr'><strong>hocloco</strong></span> <span class='ocrx_word' id='word_1_165' title='bbox 1493 2621 1676 2682; x_wconf 77' lang='lat' dir='ltr'><strong>satis,</strong></span> <span class='ocrx_word' id='word_1_166' title='bbox 1770 2622 2155 2699; x_wconf 85' lang='lat' dir='ltr'><strong>Seqvuntur</strong></span> <span class='ocrx_word' id='word_1_167' title='bbox 2206 2621 2677 2699; x_wconf 88' lang='lat' dir='ltr'><strong>propinqviora</strong></span> <span class='ocrx_word' id='word_1_168' title='bbox 2705 2630 2771 2683; x_wconf 87' lang='lat' dir='ltr'><strong>et</strong></span> <span class='ocrx_word' id='word_1_169' title='bbox 2820 2621 2959 2682; x_wconf 91' lang='lat' dir='ltr'><strong>sub-</strong></span> 
     </span>
     <span class='ocr_line' id='line_1_21' title="bbox 583 2728 1237 2798; baseline 0 -18"><span class='ocrx_word' id='word_1_170' title='bbox 583 2728 884 2781; x_wconf 89' lang='lat' dir='ltr'><strong>terranea</strong></span> <span class='ocrx_word' id='word_1_171' title='bbox 913 2729 980 2781; x_wconf 94' lang='lat' dir='ltr'><strong>et</strong></span> <span class='ocrx_word' id='word_1_172' title='bbox 1013 2739 1237 2798; x_wconf 88' lang='lat' dir='ltr'><strong>aqvea.</strong></span> 
     </span>
    </p>
   </div>
   <div class='ocr_carea' id='block_1_4' title="bbox 564 2836 2973 4709">
    <p class='ocr_par' dir='ltr' id='par_1_4' title="bbox 564 2836 2973 4709">
     <span class='ocr_line' id='line_1_22' title="bbox 666 2836 2962 2916; baseline 0.001 -20"><span class='ocrx_word' id='word_1_173' title='bbox 666 2843 1047 2916; x_wconf 79' lang='lat' dir='ltr'><strong>Capitulum</strong></span> <span class='ocrx_word' id='word_1_174' title='bbox 1077 2845 1193 2904; x_wconf 82' lang='lat' dir='ltr'><strong>IV.</strong></span> <span class='ocrx_word' id='word_1_175' title='bbox 1243 2837 1555 2898; x_wconf 87' lang='lat' dir='ltr'><strong>Meteoris</strong></span> <span class='ocrx_word' id='word_1_176' title='bbox 1583 2856 1895 2898; x_wconf 91' lang='lat' dir='ltr'><strong>accenseo</strong></span> <span class='ocrx_word' id='word_1_177' title='bbox 1946 2856 2076 2898; x_wconf 89' lang='lat' dir='ltr'><strong>non</strong></span> <span class='ocrx_word' id='word_1_178' title='bbox 2120 2837 2335 2898; x_wconf 90' lang='lat' dir='ltr'><strong>solum</strong></span> <span class='ocrx_word' id='word_1_179' title='bbox 2382 2845 2822 2910; x_wconf 78' lang='lat' dir='ltr'><strong>terraemotuS‚</strong></span> <span class='ocrx_word' id='word_1_180' title='bbox 2857 2836 2962 2916; x_wconf 88' lang='lat' dir='ltr'><strong>qvi</strong></span> 
     </span>
     <span class='ocr_line' id='line_1_23' title="bbox 583 2936 2965 3015; baseline -0.001 -17"><span class='ocrx_word' id='word_1_181' title='bbox 583 2938 754 2998; x_wconf 86' lang='lat' dir='ltr'><strong>hanc</strong></span> <span class='ocrx_word' id='word_1_182' title='bbox 783 2937 1069 2998; x_wconf 90' lang='lat' dir='ltr'><strong>insulam</strong></span> <span class='ocrx_word' id='word_1_183' title='bbox 1097 2937 1326 2998; x_wconf 91' lang='lat' dir='ltr'><strong>crebro</strong></span> <span class='ocrx_word' id='word_1_184' title='bbox 1355 2955 1430 2997; x_wconf 92' lang='lat' dir='ltr'><strong>ac</strong></span> <span class='ocrx_word' id='word_1_185' title='bbox 1460 2936 1866 2998; x_wconf 88' lang='lat' dir='ltr'><strong>horribiliter</strong></span> <span class='ocrx_word' id='word_1_186' title='bbox 1896 2936 2310 3012; x_wconf 87' lang='lat' dir='ltr'><strong>infestarant,</strong></span> <span class='ocrx_word' id='word_1_187' title='bbox 2346 2955 2626 3015; x_wconf 87' lang='lat' dir='ltr'><strong>qvorum</strong></span> <span class='ocrx_word' id='word_1_188' title='bbox 2658 2954 2965 2997; x_wconf 90' lang='lat' dir='ltr'><strong>numerus</strong></span> 
     </span>
     <span class='ocr_line' id='line_1_24' title="bbox 581 3036 2957 3115; baseline -0.001 -16"><span class='ocrx_word' id='word_1_189' title='bbox 581 3038 730 3099; x_wconf 89' lang='lat' dir='ltr'><strong>ideo</strong></span> <span class='ocrx_word' id='word_1_190' title='bbox 780 3039 1092 3111; x_wconf 80' lang='lat' dir='ltr'><strong>incertuS,</strong></span> <span class='ocrx_word' id='word_1_191' title='bbox 1130 3056 1360 3099; x_wconf 90' lang='lat' dir='ltr'><strong>verum</strong></span> <span class='ocrx_word' id='word_1_192' title='bbox 1413 3036 1614 3098; x_wconf 88' lang='lat' dir='ltr'><strong>etiam</strong></span> <span class='ocrx_word' id='word_1_193' title='bbox 1664 3046 1731 3098; x_wconf 92' lang='lat' dir='ltr'><strong>et</strong></span> <span class='ocrx_word' id='word_1_194' title='bbox 1782 3036 2116 3115; x_wconf 85' lang='lat' dir='ltr'><strong>praecipue</strong></span> <span class='ocrx_word' id='word_1_195' title='bbox 2168 3037 2389 3114; x_wconf 89' lang='lat' dir='ltr'><strong>ignem</strong></span> <span class='ocrx_word' id='word_1_196' title='bbox 2440 3037 2957 3109; x_wconf 89' lang='lat' dir='ltr'><strong>subterraneum,</strong></span> 
     </span>
     <span class='ocr_line' id='line_1_25' title="bbox 580 3136 2963 3217; baseline -0.001 -18"><span class='ocrx_word' id='word_1_197' title='bbox 580 3138 692 3217; x_wconf 91' lang='lat' dir='ltr'><strong>qvi</strong></span> <span class='ocrx_word' id='word_1_198' title='bbox 741 3157 918 3216; x_wconf 88' lang='lat' dir='ltr'><strong>saepe</strong></span> <span class='ocrx_word' id='word_1_199' title='bbox 969 3138 1330 3198; x_wconf 88' lang='lat' dir='ltr'><strong>terribilem</strong></span> <span class='ocrx_word' id='word_1_200' title='bbox 1381 3145 1446 3198; x_wconf 91' lang='lat' dir='ltr'><strong>et</strong></span> <span class='ocrx_word' id='word_1_201' title='bbox 1477 3136 1861 3198; x_wconf 88' lang='lat' dir='ltr'><strong>damnosam</strong></span> <span class='ocrx_word' id='word_1_202' title='bbox 1900 3137 2317 3214; x_wconf 89' lang='lat' dir='ltr'><strong>eruptionem</strong></span> <span class='ocrx_word' id='word_1_203' title='bbox 2365 3137 2545 3210; x_wconf 89' lang='lat' dir='ltr'><strong>fecit,</strong></span> <span class='ocrx_word' id='word_1_204' title='bbox 2583 3155 2713 3197; x_wconf 89' lang='lat' dir='ltr'><strong>non</strong></span> <span class='ocrx_word' id='word_1_205' title='bbox 2757 3137 2963 3197; x_wconf 90' lang='lat' dir='ltr'><strong>solum</strong></span> 
     </span>
     <span class='ocr_line' id='line_1_26' title="bbox 580 3235 2966 3315; baseline -0.002 -16"><span class='ocrx_word' id='word_1_206' title='bbox 580 3257 671 3299; x_wconf 85' lang='lat' dir='ltr'><strong>ex</strong></span> <span class='ocrx_word' id='word_1_207' title='bbox 701 3247 922 3300; x_wconf 88' lang='lat' dir='ltr'><strong>monte</strong></span> <span class='ocrx_word' id='word_1_208' title='bbox 955 3239 1200 3312; x_wconf 90' lang='lat' dir='ltr'><strong>Hekla,</strong></span> <span class='ocrx_word' id='word_1_209' title='bbox 1237 3255 1499 3298; x_wconf 89' lang='lat' dir='ltr'><strong>rumore</strong></span> <span class='ocrx_word' id='word_1_210' title='bbox 1529 3256 1663 3298; x_wconf 93' lang='lat' dir='ltr'><strong>non</strong></span> <span class='ocrx_word' id='word_1_211' title='bbox 1692 3236 1991 3314; x_wconf 89' lang='lat' dir='ltr'><strong>ignobili,</strong></span> <span class='ocrx_word' id='word_1_212' title='bbox 2022 3238 2134 3296; x_wconf 89' lang='lat' dir='ltr'><strong>sed</strong></span> <span class='ocrx_word' id='word_1_213' title='bbox 2166 3236 2367 3298; x_wconf 88' lang='lat' dir='ltr'><strong>etiam</strong></span> <span class='ocrx_word' id='word_1_214' title='bbox 2386 3256 2473 3297; x_wconf 88' lang='lat' dir='ltr'><strong>ex</strong></span> <span class='ocrx_word' id='word_1_215' title='bbox 2504 3235 2654 3314; x_wconf 83' lang='lat' dir='ltr'><strong>alijs</strong></span> <span class='ocrx_word' id='word_1_216' title='bbox 2670 3236 2966 3315; x_wconf 88' lang='lat' dir='ltr'><strong>plurimis</strong></span> 
     </span>
     <span class='ocr_line' id='line_1_27' title="bbox 577 3336 2964 3415; baseline -0.001 -17"><span class='ocrx_word' id='word_1_217' title='bbox 577 3338 974 3399; x_wconf 86' lang='lat' dir='ltr'><strong>vastissimis</strong></span> <span class='ocrx_word' id='word_1_218' title='bbox 1003 3337 1262 3415; x_wconf 90' lang='lat' dir='ltr'><strong>alpibus</strong></span> <span class='ocrx_word' id='word_1_219' title='bbox 1289 3336 1584 3415; x_wconf 89' lang='lat' dir='ltr'><strong>inibiqve</strong></span> <span class='ocrx_word' id='word_1_220' title='bbox 1612 3337 1801 3415; x_wconf 87' lang='lat' dir='ltr'><strong>aqvis</strong></span> <span class='ocrx_word' id='word_1_221' title='bbox 1841 3345 2235 3397; x_wconf 88' lang='lat' dir='ltr'><strong>monstrosae</strong></span> <span class='ocrx_word' id='word_1_222' title='bbox 2266 3336 2747 3414; x_wconf 88' lang='lat' dir='ltr'><strong>magnitudinis</strong></span> <span class='ocrx_word' id='word_1_223' title='bbox 2794 3345 2964 3412; x_wconf 88' lang='lat' dir='ltr'><strong>stag-</strong></span> 
     </span>
     <span class='ocr_line' id='line_1_28' title="bbox 564 3421 2966 3515; baseline -0.001 -18"><span class='ocrx_word' id='word_1_224' title='bbox 564 3421 916 3498; x_wconf 64' lang='lat' dir='ltr'><strong>nantibus,</strong></span> <span class='ocrx_word' id='word_1_225' title='bbox 1011 3437 1234 3496; x_wconf 89' lang='lat' dir='ltr'><strong>Hekla</strong></span> <span class='ocrx_word' id='word_1_226' title='bbox 1285 3436 1550 3514; x_wconf 91' lang='lat' dir='ltr'><strong>qvidem</strong></span> <span class='ocrx_word' id='word_1_227' title='bbox 1590 3454 1709 3515; x_wconf 91' lang='lat' dir='ltr'><strong>per</strong></span> <span class='ocrx_word' id='word_1_228' title='bbox 1738 3436 2086 3497; x_wconf 88' lang='lat' dir='ltr'><strong>intervalla</strong></span> <span class='ocrx_word' id='word_1_229' title='bbox 2138 3453 2431 3514; x_wconf 85' lang='lat' dir='ltr'><strong>persaepe</strong></span> <span class='ocrx_word' id='word_1_230' title='bbox 2460 3455 2529 3497; x_wconf 90' lang='lat' dir='ltr'><strong>se</strong></span> <span class='ocrx_word' id='word_1_231' title='bbox 2580 3437 2966 3498; x_wconf 87' lang='lat' dir='ltr'><strong>exoneravit</strong></span> 
     </span>
     <span class='ocr_line' id='line_1_29' title="bbox 580 3534 2968 3613; baseline -0.001 -16"><span class='ocrx_word' id='word_1_232' title='bbox 580 3536 945 3597; x_wconf 85' lang='lat' dir='ltr'><strong>evomendo</strong></span> <span class='ocrx_word' id='word_1_233' title='bbox 976 3544 1172 3612; x_wconf 89' lang='lat' dir='ltr'><strong>atqve</strong></span> <span class='ocrx_word' id='word_1_234' title='bbox 1202 3534 1594 3612; x_wconf 75' lang='lat' dir='ltr'><strong>eJaculando</strong></span> <span class='ocrx_word' id='word_1_235' title='bbox 1625 3536 1838 3613; x_wconf 89' lang='lat' dir='ltr'><strong>ignita</strong></span> <span class='ocrx_word' id='word_1_236' title='bbox 1868 3555 2054 3608; x_wconf 86' lang='lat' dir='ltr'><strong>saxa,</strong></span> <span class='ocrx_word' id='word_1_237' title='bbox 2092 3537 2343 3596; x_wconf 87' lang='lat' dir='ltr'><strong>lutosas</strong></span> <span class='ocrx_word' id='word_1_238' title='bbox 2371 3537 2596 3598; x_wconf 89' lang='lat' dir='ltr'><strong>sordes</strong></span> <span class='ocrx_word' id='word_1_239' title='bbox 2626 3547 2691 3597; x_wconf 91' lang='lat' dir='ltr'><strong>et</strong></span> <span class='ocrx_word' id='word_1_240' title='bbox 2722 3537 2968 3597; x_wconf 89' lang='lat' dir='ltr'><strong>cineres</strong></span> 
     </span>
     <span class='ocr_line' id='line_1_30' title="bbox 579 3634 2964 3714; baseline -0 -19"><span class='ocrx_word' id='word_1_241' title='bbox 579 3653 658 3695; x_wconf 93' lang='lat' dir='ltr'><strong>ac</strong></span> <span class='ocrx_word' id='word_1_242' title='bbox 687 3651 920 3694; x_wconf 87' lang='lat' dir='ltr'><strong>arenas</strong></span> <span class='ocrx_word' id='word_1_243' title='bbox 961 3634 1250 3708; x_wconf 80' lang='lat' dir='ltr'><strong>adustaS,</strong></span> <span class='ocrx_word' id='word_1_244' title='bbox 1290 3653 1408 3695; x_wconf 89' lang='lat' dir='ltr'><strong>nec</strong></span> <span class='ocrx_word' id='word_1_245' title='bbox 1439 3635 1579 3696; x_wconf 91' lang='lat' dir='ltr'><strong>sine</strong></span> <span class='ocrx_word' id='word_1_246' title='bbox 1609 3637 1972 3714; x_wconf 90' lang='lat' dir='ltr'><strong>sulphureo</strong></span> <span class='ocrx_word' id='word_1_247' title='bbox 2020 3635 2249 3696; x_wconf 91' lang='lat' dir='ltr'><strong>nidore</strong></span> <span class='ocrx_word' id='word_1_248' title='bbox 2292 3644 2360 3696; x_wconf 91' lang='lat' dir='ltr'><strong>et</strong></span> <span class='ocrx_word' id='word_1_249' title='bbox 2404 3636 2681 3714; x_wconf 91' lang='lat' dir='ltr'><strong>mephiti</strong></span> <span class='ocrx_word' id='word_1_250' title='bbox 2726 3636 2964 3699; x_wconf 90' lang='lat' dir='ltr'><strong>abomi-</strong></span> 
     </span>
     <span class='ocr_line' id='line_1_31' title="bbox 580 3733 2967 3814; baseline 0 -19"><span class='ocrx_word' id='word_1_251' title='bbox 580 3734 800 3795; x_wconf 90' lang='lat' dir='ltr'><strong>nanda</strong></span> <span class='ocrx_word' id='word_1_252' title='bbox 858 3733 1077 3807; x_wconf 78' lang='lat' dir='ltr'><strong>totieS,</strong></span> <span class='ocrx_word' id='word_1_253' title='bbox 1141 3734 1428 3810; x_wconf 91' lang='lat' dir='ltr'><strong>primum</strong></span> <span class='ocrx_word' id='word_1_254' title='bbox 1488 3733 1687 3795; x_wconf 89' lang='lat' dir='ltr'><strong>Anno</strong></span> <span class='ocrx_word' id='word_1_255' title='bbox 1754 3753 1931 3810; x_wconf 84' lang='lat'><strong>1104,</strong></span> <span class='ocrx_word' id='word_1_256' title='bbox 1997 3735 2588 3814; x_wconf 87' lang='lat' dir='ltr'><strong>qvantumqvidem</strong></span> <span class='ocrx_word' id='word_1_257' title='bbox 2646 3736 2812 3796; x_wconf 90' lang='lat' dir='ltr'><strong>mihi</strong></span> <span class='ocrx_word' id='word_1_258' title='bbox 2884 3755 2967 3797; x_wconf 86' lang='lat' dir='ltr'><strong>ex</strong></span> 
     </span>
     <span class='ocr_line' id='line_1_32' title="bbox 580 3833 2967 3913; baseline -0 -18"><span class='ocrx_word' id='word_1_259' title='bbox 580 3833 931 3895; x_wconf 87' lang='lat' dir='ltr'><strong>annalibus</strong></span> <span class='ocrx_word' id='word_1_260' title='bbox 974 3842 1254 3906; x_wconf 88' lang='lat' dir='ltr'><strong>constat,</strong></span> <span class='ocrx_word' id='word_1_261' title='bbox 1305 3833 1540 3894; x_wconf 89' lang='lat' dir='ltr'><strong>deinde</strong></span> <span class='ocrx_word' id='word_1_262' title='bbox 1593 3839 1773 3911; x_wconf 87' lang='lat'><strong>1158,</strong></span> <span class='ocrx_word' id='word_1_263' title='bbox 1823 3843 1889 3895; x_wconf 91' lang='lat' dir='ltr'><strong>et</strong></span> <span class='ocrx_word' id='word_1_264' title='bbox 1935 3852 2163 3895; x_wconf 89' lang='lat' dir='ltr'><strong>rursus</strong></span> <span class='ocrx_word' id='word_1_265' title='bbox 2235 3853 2413 3911; x_wconf 88' lang='lat'><strong>1300,</strong></span> <span class='ocrx_word' id='word_1_266' title='bbox 2464 3834 2624 3895; x_wconf 90' lang='lat' dir='ltr'><strong>item</strong></span> <span class='ocrx_word' id='word_1_267' title='bbox 2676 3855 2835 3913; x_wconf 88' lang='lat'>1340</span> <span class='ocrx_word' id='word_1_268' title='bbox 2896 3853 2967 3894; x_wconf 88' lang='lat' dir='ltr'><strong>ac</strong></span> 
     </span>
     <span class='ocr_line' id='line_1_33' title="bbox 588 3933 2962 4013; baseline 0 -18"><span class='ocrx_word' id='word_1_269' title='bbox 588 3939 767 4012; x_wconf 81' lang='lat'><strong>1389,</strong></span> <span class='ocrx_word' id='word_1_270' title='bbox 803 3941 1159 4012; x_wconf 87' lang='lat' dir='ltr'><strong>posteaqve</strong></span> <span class='ocrx_word' id='word_1_271' title='bbox 1211 3933 1478 4011; x_wconf 77' lang='lat' dir='ltr'><strong>saepiuS,</strong></span> <span class='ocrx_word' id='word_1_272' title='bbox 1514 3952 1794 4012; x_wconf 86' lang='lat' dir='ltr'><strong>qvorum</strong></span> <span class='ocrx_word' id='word_1_273' title='bbox 1842 3942 2213 4011; x_wconf 87' lang='lat' dir='ltr'><strong>temporum</strong></span> <span class='ocrx_word' id='word_1_274' title='bbox 2266 3943 2505 3995; x_wconf 87' lang='lat' dir='ltr'><strong>exacta</strong></span> <span class='ocrx_word' id='word_1_275' title='bbox 2558 3936 2962 4013; x_wconf 88' lang='lat' dir='ltr'><strong>supputatio,</strong></span> 
     </span>
     <span class='ocr_line' id='line_1_34' title="bbox 579 4033 2961 4111; baseline -0.001 -15"><span class='ocrx_word' id='word_1_276' title='bbox 579 4043 655 4096; x_wconf 92' lang='lat' dir='ltr'><strong>ut</strong></span> <span class='ocrx_word' id='word_1_277' title='bbox 681 4033 843 4095; x_wconf 87' lang='lat' dir='ltr'><strong>mihi</strong></span> <span class='ocrx_word' id='word_1_278' title='bbox 868 4053 1046 4094; x_wconf 92' lang='lat' dir='ltr'><strong>nunc</strong></span> <span class='ocrx_word' id='word_1_279' title='bbox 1069 4053 1202 4094; x_wconf 92' lang='lat' dir='ltr'><strong>non</strong></span> <span class='ocrx_word' id='word_1_280' title='bbox 1225 4041 1324 4094; x_wconf 88' lang='lat' dir='ltr'><strong>est</strong></span> <span class='ocrx_word' id='word_1_281' title='bbox 1344 4033 1561 4104; x_wconf 89' lang='lat' dir='ltr'><strong>obvia,</strong></span> <span class='ocrx_word' id='word_1_282' title='bbox 1585 4033 1680 4094; x_wconf 89' lang='lat' dir='ltr'><strong>ita</strong></span> <span class='ocrx_word' id='word_1_283' title='bbox 1701 4033 1977 4094; x_wconf 85' lang='lat' dir='ltr'><strong>fortasse</strong></span> <span class='ocrx_word' id='word_1_284' title='bbox 1997 4033 2107 4094; x_wconf 87' lang='lat' dir='ltr'><strong>hic</strong></span> <span class='ocrx_word' id='word_1_285' title='bbox 2129 4051 2617 4111; x_wconf 89' lang='lat' dir='ltr'><strong>supervacanea</strong></span> <span class='ocrx_word' id='word_1_286' title='bbox 2642 4035 2961 4097; x_wconf 90' lang='lat' dir='ltr'><strong>videatur.</strong></span> 
     </span>
     <span class='ocr_line' id='line_1_35' title="bbox 581 4133 2965 4212; baseline -0.003 -12"><span class='ocrx_word' id='word_1_287' title='bbox 581 4134 680 4200; x_wconf 90' lang='lat' dir='ltr'><strong>Ea</strong></span> <span class='ocrx_word' id='word_1_288' title='bbox 727 4143 951 4196; x_wconf 87' lang='lat' dir='ltr'><strong>autem</strong></span> <span class='ocrx_word' id='word_1_289' title='bbox 997 4133 1127 4195; x_wconf 85' lang='lat' dir='ltr'><strong>fuit</strong></span> <span class='ocrx_word' id='word_1_290' title='bbox 1165 4133 1423 4207; x_wconf 89' lang='lat' dir='ltr'><strong>ultima,</strong></span> <span class='ocrx_word' id='word_1_291' title='bbox 1460 4133 1855 4212; x_wconf 86' lang='lat' dir='ltr'><strong>qvibusdam</strong></span> <span class='ocrx_word' id='word_1_292' title='bbox 1892 4152 2015 4210; x_wconf 87' lang='lat'><strong>13.,</strong></span> <span class='ocrx_word' id='word_1_293' title='bbox 2055 4133 2300 4194; x_wconf 88' lang='lat' dir='ltr'><strong>Heklae</strong></span> <span class='ocrx_word' id='word_1_294' title='bbox 2328 4134 2677 4195; x_wconf 91' lang='lat' dir='ltr'><strong>evacuatio</strong></span> <span class='ocrx_word' id='word_1_295' title='bbox 2710 4143 2776 4196; x_wconf 90' lang='lat' dir='ltr'><strong>et</strong></span> <span class='ocrx_word' id='word_1_296' title='bbox 2823 4153 2965 4197; x_wconf 89' lang='lat' dir='ltr'><strong>eva-</strong></span> 
     </span>
     <span class='ocr_line' id='line_1_36' title="bbox 577 4232 2969 4314; baseline -0.001 -19"><span class='ocrx_word' id='word_1_297' title='bbox 577 4235 856 4314; x_wconf 89' lang='lat' dir='ltr'><strong>poratio,</strong></span> <span class='ocrx_word' id='word_1_298' title='bbox 895 4253 1043 4312; x_wconf 87' lang='lat' dir='ltr'><strong>qvae</strong></span> <span class='ocrx_word' id='word_1_299' title='bbox 1103 4233 1296 4294; x_wconf 89' lang='lat' dir='ltr'><strong>annis</strong></span> <span class='ocrx_word' id='word_1_300' title='bbox 1354 4232 1659 4312; x_wconf 84' lang='lat' dir='ltr'><strong>proxime</strong></span> <span class='ocrx_word' id='word_1_301' title='bbox 1718 4232 2227 4311; x_wconf 88' lang='lat' dir='ltr'><strong>precedentibus</strong></span> <span class='ocrx_word' id='word_1_302' title='bbox 2284 4233 2545 4307; x_wconf 92' lang='lat' dir='ltr'><strong>accidit,</strong></span> <span class='ocrx_word' id='word_1_303' title='bbox 2585 4234 2759 4310; x_wconf 91' lang='lat' dir='ltr'><strong>qvod</strong></span> <span class='ocrx_word' id='word_1_304' title='bbox 2819 4233 2969 4296; x_wconf 91' lang='lat' dir='ltr'><strong>alibi</strong></span> 
     </span>
     <span class='ocr_line' id='line_1_37' title="bbox 578 4332 2972 4410; baseline -0.001 -15"><span class='ocrx_word' id='word_1_305' title='bbox 578 4342 989 4407; x_wconf 89' lang='lat' dir='ltr'><strong>annotatum,</strong></span> <span class='ocrx_word' id='word_1_306' title='bbox 1025 4332 1220 4410; x_wconf 89' lang='lat' dir='ltr'><strong>cujus</strong></span> <span class='ocrx_word' id='word_1_307' title='bbox 1247 4332 1451 4394; x_wconf 88' lang='lat' dir='ltr'><strong>etiam</strong></span> <span class='ocrx_word' id='word_1_308' title='bbox 1479 4332 1764 4409; x_wconf 89' lang='lat' dir='ltr'><strong>vestigia</strong></span> <span class='ocrx_word' id='word_1_309' title='bbox 1794 4332 1991 4392; x_wconf 88' lang='lat' dir='ltr'><strong>hodie</strong></span> <span class='ocrx_word' id='word_1_310' title='bbox 2016 4332 2344 4393; x_wconf 83' lang='lat' dir='ltr'><strong>fumantia</strong></span> <span class='ocrx_word' id='word_1_311' title='bbox 2363 4333 2694 4394; x_wconf 89' lang='lat' dir='ltr'><strong>cernimus</strong></span> <span class='ocrx_word' id='word_1_312' title='bbox 2714 4333 2798 4395; x_wconf 90' lang='lat' dir='ltr'><strong>de</strong></span> <span class='ocrx_word' id='word_1_313' title='bbox 2816 4333 2972 4396; x_wconf 92' lang='lat' dir='ltr'><strong>locis</strong></span> 
     </span>
     <span class='ocr_line' id='line_1_38' title="bbox 579 4432 2969 4511; baseline -0.001 -14"><span class='ocrx_word' id='word_1_314' title='bbox 579 4434 839 4497; x_wconf 82' lang='lat' dir='ltr'><strong>viciniS.</strong></span> <span class='ocrx_word' id='word_1_315' title='bbox 933 4433 1124 4494; x_wconf 90' lang='lat' dir='ltr'><strong>Alios</strong></span> <span class='ocrx_word' id='word_1_316' title='bbox 1153 4441 1218 4494; x_wconf 90' lang='lat' dir='ltr'><strong>et</strong></span> <span class='ocrx_word' id='word_1_317' title='bbox 1267 4434 1490 4511; x_wconf 90' lang='lat' dir='ltr'><strong>plures</strong></span> <span class='ocrx_word' id='word_1_318' title='bbox 1519 4432 1665 4493; x_wconf 92' lang='lat' dir='ltr'><strong>dixi</strong></span> <span class='ocrx_word' id='word_1_319' title='bbox 1717 4441 1977 4493; x_wconf 89' lang='lat' dir='ltr'><strong>montes</strong></span> <span class='ocrx_word' id='word_1_320' title='bbox 2007 4433 2313 4510; x_wconf 88' lang='lat' dir='ltr'><strong>alpesqve</strong></span> <span class='ocrx_word' id='word_1_321' title='bbox 2366 4432 2672 4493; x_wconf 87' lang='lat' dir='ltr'><strong>similiter</strong></span> <span class='ocrx_word' id='word_1_322' title='bbox 2702 4432 2858 4510; x_wconf 88' lang='lat' dir='ltr'><strong>igne</strong></span> <span class='ocrx_word' id='word_1_323' title='bbox 2907 4442 2969 4495; x_wconf 91' lang='lat' dir='ltr'><strong>et</strong></span> 
     </span>
     <span class='ocr_line' id='line_1_39' title="bbox 575 4531 2965 4612; baseline -0 -16"><span class='ocrx_word' id='word_1_324' title='bbox 575 4535 897 4612; x_wconf 88' lang='lat' dir='ltr'><strong>sulphure</strong></span> <span class='ocrx_word' id='word_1_325' title='bbox 928 4534 1235 4594; x_wconf 88' lang='lat' dir='ltr'><strong>ardenter</strong></span> <span class='ocrx_word' id='word_1_326' title='bbox 1263 4533 1579 4610; x_wconf 87' lang='lat' dir='ltr'><strong>erupisse,</strong></span> <span class='ocrx_word' id='word_1_327' title='bbox 1619 4541 1695 4594; x_wconf 89' lang='lat' dir='ltr'><strong>ut</strong></span> <span class='ocrx_word' id='word_1_328' title='bbox 1739 4539 1895 4593; x_wconf 89' lang='lat' dir='ltr'><strong>sunt</strong></span> <span class='ocrx_word' id='word_1_329' title='bbox 1942 4532 2024 4592; x_wconf 90' lang='lat' dir='ltr'><strong>ab</strong></span> <span class='ocrx_word' id='word_1_330' title='bbox 2067 4531 2371 4593; x_wconf 88' lang='lat' dir='ltr'><strong>orientali</strong></span> <span class='ocrx_word' id='word_1_331' title='bbox 2418 4533 2613 4610; x_wconf 86' lang='lat' dir='ltr'><strong>plaga</strong></span> <span class='ocrx_word' id='word_1_332' title='bbox 2658 4535 2965 4595; x_wconf 84' lang='lat' dir='ltr'><strong>maxime.</strong></span> 
     </span>
     <span class='ocr_line' id='line_1_40' title="bbox 577 4631 2973 4709; baseline -0.001 -13"><span class='ocrx_word' id='word_1_333' title='bbox 577 4631 1081 4709; x_wconf 43' lang='lat' dir='ltr'><strong>Trolladyngim</strong></span> <span class='ocrx_word' id='word_1_334' title='bbox 1119 4651 1359 4693; x_wconf 90' lang='lat' dir='ltr'><strong>nomen</strong></span> <span class='ocrx_word' id='word_1_335' title='bbox 1413 4631 1658 4693; x_wconf 91' lang='lat' dir='ltr'><strong>montis</strong></span> <span class='ocrx_word' id='word_1_336' title='bbox 1689 4632 1890 4693; x_wconf 91' lang='lat' dir='ltr'><strong>Anno</strong></span> <span class='ocrx_word' id='word_1_337' title='bbox 1946 4635 2102 4709; x_wconf 86' lang='lat'><strong>1356</strong></span> <span class='ocrx_word' id='word_1_338' title='bbox 2134 4631 2421 4692; x_wconf 87' lang='lat' dir='ltr'><strong>latebras</strong></span> <span class='ocrx_word' id='word_1_339' title='bbox 2469 4632 2973 4695; x_wconf 88' lang='lat' dir='ltr'><strong>monticolarum</strong></span> 
     </span>
    </p>
   </div>
   <div class='ocr_carea' id='block_1_5' title="bbox 3194 21 3197 2534">
    <p class='ocr_par' dir='ltr' id='par_1_5' title="bbox 3194 21 3197 2534">
     <span class='ocr_line' id='line_1_41' title="bbox 3194 21 3197 2534; baseline 0 0"><span class='ocrx_word' id='word_1_340' title='bbox 3194 21 3197 2534; x_wconf 95' lang='lat' dir='ltr'><strong> </strong></span> 
     </span>
    </p>
   </div>
  </div>
 </body>
</html>
