3242 5684
555 605 637 678 48
1511 613 1981 670 JSLANDJCA

555 785 912 858 auduskiel,
961 786 1400 866 kroeklyngur,
1449 786 1829 867 kudungur,
1880 787 2091 866 major
2132 797 2199 850 et
2246 789 2460 850 minor
2501 789 2933 866 sandmf’gur,

539 885 871 964 ygulkier,
915 887 1306 966 petum-skip,
1341 887 1737 960 martuskiel,
1772 896 1838 949 et
1888 889 1943 948 si
1988 907 2137 967 qvae
2166 897 2322 950 sunt
2352 887 2679 966 ejusmodi
2722 889 2934 966 plura.

555 983 726 1046 Tum
761 1005 917 1047 vero
945 987 1250 1048 halecum
1275 987 1526 1065 species
1555 987 1907 1066 insigniter
1932 989 2193 1050 variant
2224 1007 2261 1050 a
2294 989 2587 1060 minima,
2622 1008 2771 1067 qvae
2821 989 2940 1050 vix

553 1086 828 1148 aciculae
856 1087 1342 1164 longitudinem
1372 1096 1717 1166 exuperat,
1756 1107 1961 1166 usqve
1990 1089 2071 1149 ad
2104 1089 2485 1162 maximam,
2514 1089 2595 1149 ad
2626 1088 2945 1166 spitamas

554 1186 722 1248 duas
750 1186 1014 1248 circiter
1043 1205 1112 1248 se
1152 1187 1578 1260 extendente,
1613 1188 2063 1250 nominavero,
2156 1191 2325 1250 Haec
2354 1197 2533 1260 sunt,
2568 1207 2717 1267 qvae
2746 1189 2942 1250 modo

555 1295 992 1348 succurrunt:
1055 1286 1419 1360 waraseide,
1495 1287 1792 1366 agnrsy‘l,
1870 1288 2153 1364 hornan,
2230 1287 2549 1364 lodnusffl,
2626 1287 2935 1362 trbnusyl,

555 1386 828 1466 kbpsy'le,
862 1386 1185 1466 haffsy‘rlld.
1279 1387 1628 1450 Accedunt
1680 1388 1790 1449 hic
1838 1388 2089 1450 insecta
2140 1389 2386 1451 rectius
2434 1388 2715 1466 piscium
2744 1407 2942 1467 qvam

555 1487 694 1548 veri
755 1487 986 1564 pisces,
1050 1487 1268 1566 qvalia
1323 1496 1523 1550 sunt:
1573 1487 1953 1560 brimbdtur,
2016 1489 2267 1569 marflb,
2304 1488 2662 1568 marglitta,
2676 1489 2934 1567 fiskMS,

553 1586 908 1660 bskabibrn,
945 1587 1068 1648 &c.
1163 1589 1420 1648 Notatu
1458 1607 1716 1666 qvoqve
1742 1588 2023 1664 dignum
2064 1589 2299 1662 sentio,
2336 1589 2509 1667 qvod
2538 1588 2608 1649 in
2650 1588 2945 1666 piscibus

555 1687 754 1748 etiam
813 1686 1074 1748 morbos
1129 1687 1443 1766 qvosdam
1499 1706 1855 1765 agnoscere
1910 1689 2087 1761 licet,
2137 1707 2269 1749 non
2324 1689 2539 1750 solum
2598 1689 2817 1749 ulcera
2878 1696 2941 1749 et

555 1786 840 1864 pessima
868 1787 1052 1865 qvasi
1097 1795 1504 1865 apostemata
1533 1806 1610 1848 ac
1652 1789 1837 1849 velut
1870 1789 2175 1866 herpetes
2214 1788 2673 1866 experiuntur,
2708 1807 2943 1850 verum

557 1887 759 1948 etiam
817 1887 1086 1964 insuper
1115 1887 1343 1948 morbo
1399 1906 1552 1949 vere
1585 1888 1825 1964 gallico
1883 1907 2047 1966 gens
2074 1887 2356 1966 piscium
2386 1888 2737 1950 visibiliter
2764 1889 2937 1948 labo-

555 1995 727 2059 rant,
767 1987 940 2048 unde
983 1987 1158 2048 istud
1192 1987 1398 2048 morbi
1445 2005 1657 2064 genus
1684 1988 2017 2066 praecipue
2060 1988 2130 2048 in
2173 1988 2336 2050 locis
2378 1988 2727 2049 maritimis
2768 1989 2944 2049 inter

557 2087 858 2148 homines
886 2095 1242 2162 grassatur.

640 2213 1022 2285 Capitulum
1081 2213 1196 2272 XI.
1282 2206 1667 2283 Seqvuntur
1722 2205 1935 2283 pisces
1990 2204 2368 2279 fluviatileS,
2421 2205 2662 2283 qvibus
2716 2224 2944 2267 omnes

557 2306 694 2367 fere
750 2305 949 2366 rivuli
979 2313 1044 2366 et
1101 2313 1340 2382 stagna
1370 2304 1609 2365 mirum
1668 2304 1738 2364 in
1768 2305 2037 2366 modum
2094 2305 2481 2379 abundant;
2528 2314 2593 2366 et
2650 2305 2863 2383 primo
2906 2325 2943 2364 a

553 2405 910 2484 praecipuis
953 2424 1029 2465 ac
1073 2405 1639 2482 praestantissimis
1680 2413 1755 2466 ut
1799 2405 2127 2478 exordiar,
2178 2405 2522 2478 salmoneS,
2586 2406 2943 2466 vernaculo

556 2506 822 2566 nomine
865 2505 1080 2578 laxar,
1118 2504 1488 2582 qvantitate
1535 2505 1757 2580 magni
1803 2514 1868 2565 et
1914 2523 2187 2565 numero
2230 2523 2362 2565 non
2405 2505 2621 2584 pauci,
2656 2506 2942 2566 duorum

559 2623 899 2682 generum,
935 2613 1051 2664 aut
1107 2623 1194 2664 ex
1224 2622 1470 2664 oceano
1525 2604 1931 2683 profluentes
1960 2605 2447 2682 ingrediuntur,
2483 2613 2598 2665 aut
2643 2605 2807 2665 alias
2856 2625 2942 2666 ex

559 2704 710 2764 imis
767 2703 1023 2778 abyssis
1079 2704 1535 2780 stagnantium
1593 2723 1911 2782 aqvarum
1968 2705 2391 2783 proveniunt,
2428 2723 2707 2783 qvorum
2765 2705 2946 2782 prior

555 2803 807 2881 species
835 2803 914 2864 ad
947 2804 1431 2881 longitudinem
1462 2803 1665 2864 trium
1698 2805 2001 2865 ulnarum
2024 2805 2321 2882 procedit
2352 2823 2427 2865 ac
2451 2806 2624 2866 ultra
2650 2829 2663 2878 ;
2711 2806 2938 2879 altera,

559 2903 732 2982 qvod
785 2903 1054 2982 berglax
1103 2904 1454 2982 appellant,
1491 2923 1649 2966 vero
1701 2906 1874 2965 ultra
1922 2904 2093 2965 duos
2121 2905 2381 2965 cubitos
2410 2905 2622 2984 qvoad
2653 2906 2941 2981 longitu-

556 3005 777 3066 dinem
825 3005 1232 3078 extenditur,
1269 3005 1653 3082 plerumqve
1705 3023 1861 3065 vero
1890 3013 2153 3064 tantum
2204 3023 2337 3065 uno
2380 3013 2767 3066 contentum
2818 3015 2939 3066 est.

559 3109 716 3167 Post
747 3107 868 3167 hos
913 3106 1112 3184 paulo
1142 3105 1428 3165 minores
1485 3105 1782 3182 pisciculi
1813 3104 2211 3183 sy‘bbyrtinga
2270 3123 2600 3177 vocamus,
2636 3124 2713 3166 eo
2770 3106 2944 3184 qvod

559 3207 816 3268 caeteris
845 3215 1002 3268 sunt
1032 3206 1402 3267 lucidiores,
1497 3205 1945 3266 Inveniuntur
1973 3204 2209 3264 deinde
2240 3212 2599 3265 troctarum
2628 3206 2733 3266 vel
2778 3215 2941 3267 trut-
3044 3222 3053 3228 ·

555 3317 771 3370 tarum
803 3307 1052 3385 species
1075 3305 1298 3366 variae.
1409 3305 1663 3365 Wrride
1685 3305 1822 3365 fere
1844 3305 2227 3381 supradicto
2248 3305 2516 3383 berglax
2534 3305 2788 3379 similiS,
2818 3306 2944 3367 nisi

556 3409 729 3487 qvod
789 3406 1065 3467 maculis
1114 3405 1631 3466 subrubicundis
1686 3414 1900 3466 totum
1948 3423 2188 3482 corpus
2231 3405 2689 3481 distingvitur,
2748 3425 2944 3484 carpo

558 3507 731 3567 forte
782 3506 996 3566 colore
1054 3524 1186 3564 non
1234 3505 1572 3566 absimilis,
1669 3507 1899 3583 Neqve
1950 3505 2191 3565 desunt
2249 3523 2474 3565 eorum
2526 3505 2812 3566 minores
2870 3526 2945 3567 ac

561 3605 839 3665 minimi.
930 3601 1108 3664 Tum
1159 3605 1408 3678 blez‘kia,
1446 3606 1781 3665 masculus
1831 3603 1979 3682 ejus
2028 3605 2321 3682 hoengur,
2359 3605 2531 3665 sicut
2584 3605 2945 3683 plurimum

560 3704 842 3781 idgenus
869 3703 1149 3785 piscium
1187 3704 1556 3782 nuncupari
1586 3705 1773 3779 solet,
1812 3704 1921 3782 qvi
1956 3705 2062 3766 vel
2092 3704 2431 3765 minimam
2482 3705 2937 3783 qvantitatem,

560 3803 897 3880 majorem,
950 3802 1230 3863 mediam
1289 3811 1483 3880 atqve
1541 3803 1901 3864 maximam
1958 3804 2349 3878 sortiuntur,
2414 3806 2578 3865 adeo
2636 3814 2709 3866 ut
2770 3807 2945 3866 ultra

559 3904 1000 3983 qvantitatem
1029 3903 1398 3963 salmonum
1428 3904 1897 3965 extendantur.
1992 3904 2123 3964 His
2164 3904 2395 3982 reliqvi
2427 3905 2711 3966 minores
2754 3906 2944 3984 pisci-

560 4005 692 4066 culi
736 4002 1204 4081 subjiciuntur‚
1241 4022 1404 4081 qvos
1445 4002 1707 4082 sz'lunga
1737 4003 1903 4080 varij
1953 4005 2211 4080 generis
2240 4005 2647 4083 appellitant,
2684 4012 2952 4065 murtur

560 4124 815 4183 qvoqve
846 4123 882 4164 a
913 4103 1293 4165 minoritate
1325 4121 1530 4182 usqve
1560 4104 1641 4162 ad
1675 4103 2023 4164 minimum
2052 4122 2278 4165 eorum
2307 4105 2505 4182 sqyde.
2598 4104 2941 4182 Angvilla-

559 4224 705 4266 rum
765 4205 986 4282 plures
1041 4213 1196 4265 sunt
1257 4213 1500 4265 sectae:
1575 4203 1798 4277 oeteffl,
1868 4204 2018 4278 &c.,
2084 4204 2377 4263 lodnudll
2400 4227 2414 4277 ;
2490 4223 2770 4283 qvorum
2829 4205 2941 4282 alij

558 4305 847 4378 rotundi,
912 4303 1023 4381 alij
1072 4304 1353 4381 figuram
1412 4304 1659 4380 trigoni
1706 4305 1809 4364 vel
1874 4297 2085 4364 etiam'
2118 4304 2505 4382 qvadrantis
2568 4305 2939 4380 imitantur,

558 4406 849 4484 pleriqve
906 4405 1140 4465 leviter
1197 4405 1454 4483 pinnati
1513 4413 1578 4466 et
1636 4423 1865 4465 omnes
1920 4403 2212 4480 oblongi.
2307 4404 2673 4466 Pessimum
2735 4424 2949 4481 genus

556 4507 834 4566 istorum
878 4504 1172 4566 omnium
1202 4505 1449 4566 dicitur
1491 4504 1788 4578 hrbckall,
1826 4504 1937 4583 qvi
1968 4504 2213 4564 aculeis
2242 4505 2632 4576 durissimiS,
2670 4506 2942 4584 asperri-

563 4605 688 4666 mis
718 4614 913 4683 atqve
934 4604 1334 4665 acutissimis
1353 4604 1773 4682 undiqvaqve
1793 4612 2022 4678 scatet,
2053 4603 2185 4682 qvi,
2214 4603 2271 4664 si
2291 4605 2568 4665 caudam
2587 4606 2949 4666 mordendo

560 4705 709 4784 eqvi
770 4713 884 4765 aut
916 4704 1086 4765 alius
1143 4704 1374 4765 bestiae
1403 4703 1671 4776 ambiat,
1708 4703 1906 4764 simul
1936 4703 2175 4778 aufert,
2214 4703 2460 4765 ferrum
2519 4724 2776 4783 qvoqve
2822 4708 2948 4767 hoc
