3242 5684
1110 604 1234 658 DE
1265 603 1733 659 MIRABJLJB
1743 605 1840 658 css
2583 610 2662 671 45

279 773 506 834 moniti
557 774 902 836 dimidiam
931 784 1184 853 partem
1237 784 1499 837 tantum
1529 774 1736 852 hujus
1782 775 2021 836 belluae
2055 776 2204 837 usui
2258 783 2481 854 aptam
2514 793 2655 836 esse

277 873 671 935 didicerunt.
767 874 960 936 Dicat
1032 875 1177 953 qvis
1249 877 1420 936 hanc
1491 894 1632 936 esse
1706 875 2019 947 fabulam,
2086 894 2217 936 non
2290 893 2658 955 propugno,

279 972 542 1034 Addam
572 973 815 1052 potiuS,
851 975 1026 1052 qvod
1057 974 1472 1036 verissimum
1515 983 1637 1048 est,
1673 975 2055 1036 balenarum
2086 976 2413 1054 qvoddam
2457 992 2669 1052 genus

276 1073 346 1134 in
406 1081 662 1134 tantam
721 1093 1101 1135 excrescere
1161 1074 1712 1152 magnitudinem,
1752 1084 1825 1136 ut
1871 1074 2290 1152 longitudine
2346 1093 2467 1136 sua
2548 1091 2666 1134 120

277 1174 541 1234 cubitos
597 1175 916 1236 excedere
945 1175 1369 1252 exploratum
1427 1174 1536 1248 sit,
1573 1183 1641 1236 et
1673 1175 1930 1237 vitulus
1985 1175 2283 1252 ejusdem
2328 1175 2431 1235 vel
2477 1183 2667 1235 utero

277 1275 544 1334 clausus
574 1274 654 1334 ad
699 1273 942 1351 viginti
975 1275 1167 1335 ulnas
1208 1275 1631 1348 extendatur,
1668 1274 2076 1336 dimensione
2108 1274 2483 1336 latitudinis
2525 1291 2666 1334 suae

275 1373 358 1434 ad
417 1382 673 1434 tantam
718 1373 1152 1453 qvantitatem
1225 1375 1592 1452 adaeqvata.
1687 1376 1980 1436 Caeteras
2049 1375 2299 1453 species
2370 1383 2666 1436 cetorum

275 1474 510 1534 saltem
543 1473 807 1534 nomine
839 1483 1034 1534 tenus
1063 1473 1391 1552 attingere
1422 1475 1640 1536 visum
1670 1484 1791 1548 est,
1826 1475 2149 1553 siqvidem
2182 1475 2350 1535 nihil
2380 1474 2667 1535 habeant

275 1573 631 1652 peculiare,
666 1573 806 1635 sola
836 1573 1271 1635 admiratione
1316 1574 1616 1650 dignum,
1656 1583 1727 1636 ut
1774 1583 1971 1636 sunt:
2018 1574 2390 1648 Ndlzvalur,
2427 1574 2493 1634 id
2539 1581 2659 1647 est,

277 1672 616 1734 cadaveris
646 1673 899 1746 balena,
937 1673 1031 1734 sic
1059 1673 1259 1748 dicta,
1296 1675 1468 1753 qvod
1493 1675 1763 1737 omnino
1792 1674 1877 1736 sit
1909 1675 2050 1736 esui
2076 1675 2420 1736 hominum
2445 1675 2667 1751 inepta

277 1782 340 1834 et
401 1773 892 1849 nocentissima,
928 1793 1078 1853 qvae
1135 1773 1310 1835 inter
1363 1775 1616 1846 denteS,
1650 1794 1811 1852 qvos
1869 1775 2271 1852 perexiguos
2328 1775 2548 1846 habet,
2586 1774 2669 1834 ab

278 1874 590 1935 inferiore
619 1881 806 1952 parte
839 1873 1108 1934 unicum
1140 1883 1401 1935 tantum
1431 1875 1499 1934 in
1530 1875 1867 1953 superiore
1906 1875 2041 1936 oris
2066 1884 2253 1952 parte
2297 1874 2666 1952 prominen-

279 1983 413 2036 tem
443 1982 700 2050 gestare
731 1973 1023 2035 creditur
1053 1992 1332 2053 eumqve
1361 1974 1828 2052 politissimum
1854 1993 1891 2034 a
1923 1976 2062 2036 Deo
2079 1983 2145 2036 et
2178 1983 2414 2035 natura
2436 1973 2665 2052 exqvi-

279 2074 552 2135 tissimis
597 2075 1000 2135 ornamentis
1029 2083 1342 2154 tanqvam
1395 2074 1835 2136 fabrefactum
1874 2083 1941 2136 et
1991 2076 2420 2147 elaboratum,
2456 2072 2665 2149 longi-

278 2174 580 2235 tudinem
627 2190 662 2250 7
711 2174 1019 2235 ulnarum
1062 2192 1192 2235 non
1238 2193 1576 2252 superanS.
1710 2175 2061 2235 Nordhual
2103 2173 2294 2250 ajunt
2337 2192 2419 2250 90
2478 2173 2668 2232 ulnas

277 2274 633 2353 possidere,
671 2282 998 2352 caputqve
1028 2273 1176 2350 ejas
1206 2275 1468 2335 tertiam
1499 2283 1753 2352 partem
1786 2275 1993 2336 totuis
2022 2274 2213 2334 molis
2241 2272 2659 2346 constituere,

279 2374 590 2436 dentibus
621 2392 861 2447 carere,
893 2393 1036 2435 rore
1067 2383 1327 2435 tantum
1348 2376 1597 2436 coelesti
1631 2375 1892 2449 nutriri,
1923 2376 2095 2455 qvod
2126 2374 2279 2434 inde
2301 2372 2659 2448 colligitur,

281 2474 453 2552 qvod
512 2473 771 2552 qvoties
826 2473 1252 2547 evisceratur,
1291 2475 1547 2536 nullum
1607 2475 1786 2536 aliud
1847 2475 2140 2535 alimenti
2201 2481 2666 2551 argumentum

278 2582 488 2646 extat,
525 2573 699 2652 qvod
730 2573 947 2651 ipsum
977 2573 1124 2635 ideo
1154 2575 1221 2634 in
1251 2583 1438 2636 tanto
1467 2593 1738 2653 corpore
1768 2575 2248 2636 admirandum.
2321 2573 2669 2652 Skieljung

279 2673 651 2753 appellatur
709 2682 914 2746 cetuS,
951 2673 1063 2752 qvi
1124 2691 1204 2752 70
1235 2675 1425 2736 ulnas
1480 2684 1595 2736 aut
1631 2675 1804 2735 ultra
1862 2675 2157 2752 attingit,
2194 2673 2388 2751 cujus
2431 2691 2668 2752 corpus

278 2773 786 2852 circumqvaqve
838 2773 1105 2834 conchis
1132 2782 1197 2834 et
1249 2774 1418 2851 algis
1445 2774 1689 2835 ibidem
1739 2775 2305 2836 succrescentibus
2354 2783 2667 2853 tanqvam

279 2873 349 2934 in
379 2873 603 2934 littore
633 2872 860 2934 vestiri
892 2873 1159 2934 dicitur.
1251 2873 1876 2954 Raudkiembyngar
1901 2875 2037 2936 fere
2066 2875 2171 2934 his
2198 2874 2443 2934 similes
2482 2881 2657 2946 sunt,

278 2973 648 3052 qvantitate
679 2973 962 3034 multum
1004 2973 1308 3035 minores.
1401 2974 1528 3053 Qvi
1558 2974 1886 3035 desiderat
1928 2975 2149 3052 plures
2178 2973 2377 3033 etiam
2419 2972 2669 3049 species

277 3073 639 3134 bestiarum
670 3072 1074 3133 marinarum
1117 3073 1186 3132 in
1217 3093 1462 3135 oceano
1494 3074 1807 3135 Islandiae
1861 3075 2265 3151 dignoscere,
2302 3072 2665 3132 secundum

278 3175 425 3234 haec
454 3172 722 3233 nomina
766 3181 1038 3252 qvaerat.
1132 3173 1586 3247 Hrosshualer‚
1624 3174 1736 3253 qvi
1767 3174 2004 3252 eqvina
2054 3173 2237 3252 qvasi
2267 3171 2427 3248 juba
2478 3189 2665 3231 orna-

279 3281 420 3334 tum
474 3281 786 3351 qvassant
837 3273 1126 3334 dorsum.
1217 3273 1641 3334 Nauthualer
1688 3274 1792 3334 his
1842 3292 1973 3355 non
2025 3272 2356 3333 absimiles
2397 3280 2663 3349 praeter-

276 3391 474 3452 qvam
497 3371 669 3450 qvod
689 3391 850 3434 voce
871 3391 986 3433 seu
1006 3372 1236 3448 rugitu
1259 3373 1890 3451 interstingvuntur.
1939 3373 2314 3433 Barkualer
2340 3371 2666 3448 insignem

277 3473 556 3550 gibbum
627 3471 696 3532 in
769 3472 964 3533 dorso
1022 3481 1136 3533 aut
1209 3472 1492 3551 occipite
1565 3482 1847 3549 gestant,
1898 3473 2298 3552 pingvedine
2368 3473 2661 3550 plenum.

276 3571 690 3651 Haffurkitte
704 3572 862 3632 huic
879 3571 1126 3633 similes
1140 3593 1269 3651 qvo
1285 3574 1366 3633 ad
1382 3574 1680 3634 arvinam
1700 3582 1766 3634 et
1790 3573 2070 3652 adipem.
2098 3576 2270 3635 Item
2283 3572 2662 3647 sliettibaka,

276 3691 560 3752 qvorum
618 3682 894 3751 uterqve
954 3672 1154 3749 gibbo
1212 3683 1432 3748 caret3
1480 3673 1786 3735 similiter
1806 3674 2094 3753 fiskreke
2149 3675 2289 3736 sive
2345 3674 2663 3751 sz'jldreke,

274 3771 761 3833 nobilissimum
792 3772 1120 3851 qvoddam
1151 3791 1361 3850 genus
1390 3774 1801 3845 balenarum,
1836 3775 2009 3853 qvod
2040 3784 2318 3853 putatur
2348 3793 2487 3834 mas
2530 3793 2669 3836 esse

271 3871 551 3933 maximi
611 3871 792 3932 illius
848 3873 1315 3950 stez'pe-reidur.
1420 3873 1829 3933 Andlzualur
1882 3883 2095 3936 rostro
2153 3874 2337 3953 qvasi
2398 3883 2670 3935 anatum

271 3971 713 4050 dignoscitur,
750 3970 945 4048 cujus
973 3972 1305 4050 pingvedo
1338 3981 1411 4034 ut
1444 3991 1703 4035 summa
1732 3989 1848 4047 est,
1885 3975 1977 4034 ita
2008 3993 2264 4053 qvoqve
2293 3974 2666 4035 virulentis-

269 4072 462 4134 sima.
557 4070 694 4148 Alij
752 4090 789 4131 a
841 4072 1057 4132 colore
1107 4073 1638 4147 denominantur,
1676 4074 2227 4151 quemadmodum
2272 4072 2673 4151 lmijtz'jngar

271 4172 361 4233 ab
422 4171 592 4247 albo,
643 4170 1108 4232 skialldhualer
1160 4191 1197 4232 a
1255 4173 1550 4247 maculiS‚
1609 4182 1754 4235 tum
1799 4173 2199 4253 geirhualer,
2258 4171 2661 4246 bardhualer,
2752 4180 2768 4194 ‘

272 4272 710 4350 lmijdyngar,
747 4270 1157 4351 lefgffrungar,
1189 4272 1536 4334 minimum
1567 4291 1779 4350 genus
1798 4280 2114 4334 cetorum.
2209 4273 2421 4332 Datur
2452 4272 2671 4333 adhuc

272 4372 606 4452 qvoddam
640 4388 850 4447 genus
878 4390 915 4431 a
945 4372 1238 4433 saliendo
1280 4391 1518 4434 nomen
1549 4373 1799 4432 habens
1833 4371 2106 4446 stbckull,
2142 4371 2662 4451 sprijughualur,

271 4473 342 4533 id
395 4479 518 4545 est,
553 4471 802 4532 saltans
845 4470 985 4532 sive
1013 4471 1274 4544 saliens,
1312 4472 1422 4551 qvi
1456 4481 1693 4533 natura
1744 4490 1865 4533 sua
1894 4470 2276 4533 hominibus
2320 4472 2565 4550 pariter
2594 4491 2670 4535 ac

273 4570 603 4635 naviculis
661 4571 766 4632 vel
797 4571 997 4632 etiam
1056 4571 1380 4648 onerarijs
1438 4580 1655 4649 potest
1714 4591 1854 4633 esse
1914 4571 2274 4645 formidini,
2312 4591 2423 4634 eas
2492 4573 2670 4634 enim
