3242 5684
643 591 681 650 8
1603 604 2071 664 JSLANDJCA

636 777 846 832 totam
877 771 1012 834 fere
1041 773 1348 836 insulam.
1441 775 1695 838 Eodem
1726 795 1903 838 anno
1952 777 2307 856 castigavit
2342 779 2665 842 Dominus
2718 781 3047 842 [slandiae
3149 811 3150 818 κ

633 872 1002 950 praesertim
1029 874 1474 937 meridionalis
1496 876 1747 938 incolas
1778 877 2007 938 morbo
2028 877 2215 954 gravi
2240 887 2307 940 et
2336 879 2651 954 violento,
2680 889 2867 958 peste
2894 901 3041 942 non
3149 949 3150 952 Ἴ

635 971 943 1044 absimili,
993 983 1068 1034 ut
1127 992 1300 1036 unus
1357 975 1675 1050 triduum,
1740 976 1909 1038 alter
1964 977 2263 1052 biduum,
2328 980 2569 1041 tertius
2624 999 2707 1042 ne
2768 981 3039 1042 tamdiu

637 1072 898 1151 qvidem
952 1074 1353 1136 decumbens
1381 1095 1418 1136 e
1469 1075 1779 1137 vivorum
1808 1077 2243 1140 contubernio
2292 1079 2669 1156 emigraret.
2761 1081 3039 1159 Reliqvi
3149 1117 3150 1128 κ

633 1190 794 1233 vero
855 1173 1106 1234 viribus
1161 1175 1472 1236 exhausti
1533 1175 1848 1254 operibus
1904 1177 2067 1238 vitae
2124 1178 2515 1256 necessariis
2583 1199 2819 1242 vaoere
2892 1199 3039 1242 non

629 1281 962 1350 poterant.
1053 1271 1280 1340 AEstas
1329 1275 1546 1352 gelida
1597 1275 1915 1353 graminis
1961 1286 2360 1355 proventum
2418 1279 2841 1358 impediebat,
2878 1299 3037 1358 pro-

631 1372 965 1434 venientis
1014 1392 1208 1435 usum
1259 1383 1687 1454 tempestates
1736 1375 2107 1456 imbresqve
2130 1378 2591 1457 prohibebant,
2627 1389 2694 1440 et
2724 1380 3041 1442 homin&

630 1473 879 1550 pariter
907 1493 983 1534 ac
1011 1473 1312 1551 jumenta
1339 1476 1907 1554 periclitabantur,
1946 1496 2065 1538 nos
2096 1478 2531 1540 nihilominus
2558 1480 2627 1540 in
2676 1489 3041 1559 utramque

629 1573 1124 1636 dormiebamus
1150 1594 1397 1638 aurem.

718 1683 915 1742 Anno
977 1685 1132 1744 1602
1183 1675 1466 1750 Hyemis
1521 1677 1839 1739 violentia
1893 1696 2010 1756 per
2065 1696 2327 1739 omnem
2398 1680 2668 1741 omniuo
2740 1681 3041 1742 insulam

625 1773 878 1834 mirum
928 1775 996 1835 in
1027 1775 1297 1836 modum
1346 1777 1687 1852 saeviebat,
1724 1777 1901 1840 nivis
1928 1778 2267 1856 perpetuis
2296 1779 2785 1842 accessionibus
2812 1795 2883 1840 et
2914 1781 3041 1840 fri-

621 1874 908 1952 ·goribus
954 1875 1418 1937 intensissimis
1466 1877 1536 1936 in
1587 1896 1813 1938 necem
1843 1878 2173 1956 pecudum
2222 1879 2409 1958 qvasi
2460 1880 3037 1958 conspirantibus,

626 1976 811 2036 unde
861 1994 1144 2036 annonae
1193 1976 1434 2037 caritas
1483 1984 1548 2037 et
1589 1977 1935 2038 hominum
1962 1987 2221 2054 strages
2248 1987 2347 2039 est
2378 1989 2627 2040 secuta.
2722 1982 3043 2058 Itemqve

625 2075 934 2138 'homines
963 2076 1228 2155 qvidam
1257 2077 1481 2137 damni
1507 2077 1949 2154 impatientes,
1980 2078 2455 2139 melancholica
2478 2079 2782 2157 passione
2801 2081 3043 2141 animo

624 2175 896 2254 dejecti,
935 2196 1066 2237 non
1097 2178 1324 2255 procul
1355 2197 1394 2237 a
1425 2176 1649 2238 furore
1680 2177 1972 2239 aberant.

721 2285 879 2347 1603
924 2298 964 2354 4
997 2276 1222 2354 Martij
1255 2277 1486 2338 scribit
1535 2279 1737 2352 Jonas
1794 2273 2183 2348 Biornonis¹,
2220 2277 2434 2339 incola
2490 2279 3045 2357 septentrionalis

630 2378 944 2439 Islandiae
974 2395 1126 2438 cum
1155 2377 1614 2452 celeberrimis,
1646 2385 2061 2438 tercentenos
2090 2378 2391 2438 homines
2412 2380 2497 2440 ob
2524 2398 2809 2440 annonae
2830 2379 3043 2440 saevi—

632 2478 796 2538 tiam
853 2478 922 2536 in
951 2477 1090 2538 sola
1149 2476 1759 2554 Eyiafiardarsijslu
1818 2477 1991 2538 fame
2023 2486 2336 2539 mortuos.
2429 2479 2639 2540 Addit
2682 2481 2885 2540 etiam
2937 2499 3043 2540 ex

632 2578 850 2638 insula
883 2575 1192 2652 Grimsey
1227 2577 1412 2656 (qvae
1445 2578 1527 2637 ad
1567 2577 1745 2638 latus
1776 2578 2091 2638 Islandiae
2141 2579 2658 2655 septentrionale
2700 2579 2827 2640 sita
2876 2581 3037 2656 est)

630 2678 1156 2739 adolescentulas
1183 2684 1250 2737 et
1279 2694 1518 2754 pueros
1548 2695 1823 2738 numero
1852 2697 1935 2753 40
1964 2678 2043 2738 ad
2075 2677 2525 2739 continentem
2554 2679 2729 2740 circa
2748 2679 3043 2742 Festum

634 2777 1032 2840 Nativitatis
1055 2777 1302 2839 Christi
1335 2784 1745 2838 transvectos
1776 2777 2002 2846 fuisse,
2040 2778 2288 2839 relictis
2319 2778 2387 2839 in
2418 2779 2635 2841 insula
2666 2798 2749 2855 90
2777 2780 3039 2841 adulti-

631 2878 876 2952 oribuS,
914 2877 1153 2956 qvibus
1203 2876 1534 2955 piscatura
1564 2877 1773 2938 vitam
1826 2886 2197 2938 sustentare
2228 2878 2445 2939 solitis
2493 2889 2736 2957 praeter
2765 2879 3043 2942 vicinos

629 2978 862 3058 pisceS,
899 2998 988 3038 ex
1037 2977 1479 3038 hamiotarum
1510 2995 1692 3038 more
1742 2976 1810 3036 in
1840 2977 2105 3054 singula
2163 2979 2491 3055 remigum
2520 2979 2739 3057 capita
2796 2979 3037 3041 distri-

630 3080 848 3154 but03‚
907 3098 1036 3158 qvo
1106 3077 1232 3139 sibi
1304 3078 1572 3156 suisqve
1643 3077 2115 3156 prospicerent,
2179 3078 2348 3138 nihil
2406 3079 2740 3141 alimoniae
2811 3079 3041 3142 fuisse

629 3180 977 3259 reliqvum.
1071 3182 1151 3240 In
1182 3177 1566 3239 Austfiarda
1596 3179 1781 3254 sffslu
1813 3197 1986 3238 anno
2016 3179 2246 3239 eodem
2278 3179 2577 3240 homines
2606 3180 2757 3256 plus
2799 3179 3041 3242 minus

628 3281 926 3343 sexcenti
960 3280 1186 3341 morbo
1214 3287 1280 3339 et
1313 3278 1519 3339 macie
1548 3278 1833 3340 confecti
1864 3277 2312 3356 exspirarunt.
2406 3281 2577 3340 Item
2608 3280 2675 3339 in
2706 3281 3039 3358 parochia

632 3380 1241 3443 Mioafiordensium
1285 3387 1352 3440 et
1399 3381 2005 3457 Dvergastenorum
2038 3378 2281 3456 passim
2325 3387 2391 3439 et
2424 3379 2742 3440 turbatim
2787 3381 3033 3442 morie·

628 3482 892 3554 bantur,
931 3489 1004 3540 ut
1062 3479 1312 3557 aliqvot
1371 3479 1750 3540 habitacula
1808 3478 2077 3556 penitus
2133 3489 2351 3538 essent
2410 3479 2724 3540 desolata.
2817 3479 3035 3542 Anno

629 3582 859 3642 eodem
889 3581 996 3640 die
1026 3578 1301 3640 lustrico
1331 3578 1673 3658 perierunt
1705 3598 1745 3654 4
1775 3597 1979 3640 naves
2008 3578 2382 3655 piscatoriae
2426 3599 2513 3639 ex
2560 3580 2822 3654 Myrdal
2867 3599 3031 3641 cum

627 3680 982 3741 lectissima
1007 3678 1282 3739 fortium
1306 3677 1597 3738 virorum
1625 3696 1888 3751 corona,
1918 3677 2139 3739 viduis
2164 3678 2412 3739 relictis
2431 3680 2511 3739 ad
2537 3663 2885 3740 minimum
2910 3699 3018 3757 30.

629 3780 942 3846 Exeunte
999 3787 1320 3839 autumno
1378 3777 1532 3836 anni
1592 3776 1891 3854 ejusdem
1920 3779 2023 3839 vir
2080 3777 2439 3854 singularis
2469 3788 2643 3840 notae
2704 3780 3029 3842 Gislavus

628 3880 869 3943 Arneri
929 3863 1080 3940 cum
1136 3877 1406 3938 famulis
1478 3877 1548 3936 in
1607 3878 1756 3938 lacu
1829 3879 2113 3956 qvodam
2185 3879 2463 3956 palustri
2538 3881 2713 3957 apud
2788 3889 3025 3959 tesqva

627 3982 1003 4043 Bolhraune
1061 3977 1280 4040 vicino
1335 3978 1661 4038 salmones
1719 3995 1835 4038 seu
1896 3986 2142 4038 truttas
2200 3987 2537 4056 capturuS,
2586 3980 2797 4040 laxati
2856 3981 3025 4043 retis

622 4081 936 4158 indagine
967 4078 1177 4156 rajam
1209 4087 1415 4139 tantae
1447 4077 1931 4155 magnitudinis
1960 4077 2239 4150 invenit,
2277 4086 2351 4139 ut
2383 4088 2521 4139 rete
2553 4079 2679 4140 nisi
2726 4081 3025 4143 lacerum

623 4193 689 4245 et
708 4183 778 4243 in
807 4183 973 4242 duas
995 4188 1214 4258 partes
1230 4177 1519 4240 divisum
1543 4177 1612 4237 in
1644 4178 1895 4238 aridam
1919 4179 2253 4239 retrahere
2272 4197 2403 4239 non
2428 4188 2669 4257 posset.
2764 4179 3025 4244 Eodem

623 4302 797 4345 anno
825 4282 1062 4358 ingens
1091 4278 1348 4341 nivium
1377 4286 1444 4340 et
1477 4286 1948 4356 tempestatum
1978 4277 2237 4340 saevitia
2266 4279 2657 4340 orientalem
2702 4281 3025 4344 Islandiae

623 4385 887 4462 plagam
909 4379 1172 4442 afflixit.
1267 4378 1467 4440 Multi
1491 4378 1558 4441 vi
1579 4386 1933 4440 ventorum
1964 4396 2167 4440 naves
2196 4378 2583 4456 piscatorias
2612 4380 2977 4443 amiserunt
3005 4407 3021 4458 ;

620 4483 959 4562 perierunt
989 4480 1166 4541 enim
1195 4479 1264 4539 in
1297 4478 1698 4557 Vopnafirde
1738 4498 1831 4552 10,
1860 4478 1931 4539 in
1964 4477 2377 4555 Bo‘rgarfirde
2408 4499 2468 4555 4,
2498 4479 2568 4540 in
2596 4480 3026 4544 Seidarfirde²

616 4605 661 4662 3
687 4605 702 4657 3
749 4591 946 4660 atqve
1002 4580 1093 4642 ita
1151 4579 1219 4639 in
1278 4577 1555 4653 caeteris,
1625 4578 1780 4638 alibi
1856 4577 2097 4656 plureS,
2164 4578 2321 4639 alibi
2387 4579 2749 4657 pauciores.
2870 4581 3021 4646 Sub
