3242 5684
455 599 534 670 58
1413 603 1881 660 JSLANDJCA

449 775 896 838 subterraneis
921 773 1156 836 incolis
1189 774 1308 852 (de
1336 774 1578 855 qvibus
1597 775 1862 852 postea)
1896 777 2003 838 vel
2020 793 2251 838 eorum
2281 776 2561 838 occultis
2583 776 2843 839 catellis

449 874 796 954 gregariis,
831 874 942 954 qvi
985 873 1054 935 in
1099 875 1530 936 molossorum
1575 874 1787 937 forma
1830 875 2187 954 aliqvando
2230 887 2677 954 apparuerunt
2722 884 2842 938 aut

449 975 634 1057 qvasi
677 975 1000 1053 vulpium,
1052 973 1380 1036 tribuunt.
1474 975 1709 1053 Neqve
1750 974 1822 1035 in
1862 974 2063 1037 dictis
2104 975 2267 1036 locis
2308 977 2576 1054 prodest
2618 975 2846 1037 caulas

452 1075 779 1138 aedificare
805 1084 1076 1153 propter
1101 1073 1472 1136 saevitatem
1521 1075 1797 1148 brumae,
1835 1082 1997 1136 tunc
2053 1075 2231 1136 enim
2259 1075 2563 1136 similiter
2618 1077 2844 1154 plures

451 1174 746 1238 foeminei
768 1192 1026 1254 qvoqve
1053 1191 1258 1236 sexus
1286 1191 1444 1234 oves
1473 1173 1613 1252 pari
1639 1175 2043 1236 truculentia
2074 1184 2149 1238 ut
2178 1175 2543 1253 plurimum
2564 1175 2839 1238 interire

451 1277 684 1348 solent,
720 1281 836 1336 aut
867 1273 1109 1351 agnelli
1141 1281 1531 1335 monstrosae
1559 1292 1639 1334 ac
1667 1283 2069 1352 portentosae
2097 1274 2383 1352 alicujus
2412 1275 2649 1353 figurae
2689 1294 2839 1353 pro·

449 1376 696 1438 venire.
791 1375 1072 1435 Praestat
1130 1372 1340 1450 igitur
1367 1373 1668 1451 palantes
1723 1391 1881 1436 oves
1909 1374 2173 1452 pascuis
2226 1375 2563 1436 dimittere
2590 1375 2841 1454 absqve

451 1477 677 1548 ariete,
703 1481 900 1553 atqve
930 1473 1023 1534 ita
1051 1472 1272 1533 omnia
1301 1481 1459 1534 sunt
1483 1473 1552 1532 in
1585 1481 1755 1535 tuto.
1850 1475 1991 1534 Nec
2014 1475 2141 1536 hoc
2168 1475 2633 1548 omittendum,
2662 1476 2839 1554 qvod

446 1575 748 1648 oviculae,
777 1580 1168 1651 tempestate
1193 1573 1450 1648 hyemis
1467 1573 1787 1636 saeviente
1808 1574 1878 1634 in
1898 1592 2113 1636 massa
2134 1593 2251 1636 seu
2274 1574 2555 1636 collibus
2576 1575 2839 1637 nivium
2887 1633 2903 1642 .

447 1673 916 1754 agglomeratis
945 1671 1224 1734 fortuito
1253 1673 1604 1746 conclusae,
1649 1691 1724 1749 19
1766 1673 2190 1752 supervivere
2217 1675 2621 1753 septimanas
2662 1693 2841 1736 com-

449 1785 710 1856 pertum
767 1781 887 1844 est,
923 1773 1097 1851 qvod
1155 1772 1450 1834 accidere
1479 1773 1669 1847 solet,
1703 1773 1761 1833 si
1820 1773 1991 1834 nihil
2045 1783 2290 1853 praeter
2345 1773 2567 1836 nivem
2624 1794 2838 1854 neqve

447 1895 636 1938 suam
657 1873 866 1952 ipsius
886 1873 1105 1934 lanam
1134 1881 1249 1934 aut
1267 1873 1516 1952 aliqvid
1537 1881 1825 1934 terreum
1848 1881 1991 1936 toto
2014 1874 2129 1935 illo
2152 1883 2446 1954 tempore
2461 1873 2832 1953 digustent.

446 1975 635 2038 Alias
663 1981 843 2035 certo
869 1973 1270 2047 emoriturae,
1305 1973 1363 2034 si
1391 1971 1500 2035 vel
1527 1973 1897 2050 virgultum
1914 1974 2022 2036 vel
2039 1974 2356 2036 harenam
2374 1974 2481 2036 vel
2496 1974 2841 2052 pulverem

447 2085 644 2140 terrae
670 2075 780 2137 vel
807 2073 1026 2152 ipsum
1054 2072 1268 2134 vellus
1295 2091 1492 2134 suum
1522 2073 1872 2134 lambendo
1900 2075 2121 2147 edant,
2158 2075 2333 2152 qvod
2362 2074 2513 2136 ideo
2542 2075 2611 2135 in
2642 2075 2836 2136 mira·

445 2177 612 2239 culis
640 2174 853 2254 posui.
947 2173 1200 2235 Haedos
1229 2172 1556 2234 masculos
1583 2190 1783 2250 super
1812 2173 2163 2235 mulctram
2192 2175 2431 2237 ductos
2458 2183 2525 2236 et
2556 2174 2839 2236 laetatos

446 2276 712 2338 memini
741 2274 918 2353 apud
949 2274 1265 2353 qvosdam
1307 2272 1556 2334 infimae
1583 2273 1784 2334 sortis
1826 2273 2145 2347 homines,
2179 2275 2354 2353 qvod
2386 2282 2461 2336 ut
2506 2275 2836 2336 nefarium

447 2376 774 2456 qvoddam
793 2374 1019 2446 recito,
1056 2374 1229 2452 qvod
1253 2373 1323 2433 in
1353 2373 1673 2434 arietibus
1692 2372 1919 2434 ovium
1943 2373 2220 2434 fortasse
2250 2374 2604 2453 aliqvando
2632 2374 2837 2436 etiam

445 2476 865 2538 observatum
897 2474 1136 2534 fuerat.
1229 2472 1759 2535 Generositatem
1788 2491 2109 2552 equorum
2153 2482 2529 2535 nostrorum
2560 2483 2636 2536 ut
2681 2484 2836 2553 pote

441 2575 896 2653 gradariorum
955 2591 1088 2632 non
1145 2581 1266 2645 est,
1311 2573 1484 2651 qvod
1540 2572 1852 2634 laudibus
1908 2575 2203 2634 evehem.
2297 2573 2612 2636 Sentiunt
2656 2575 2837 2636 enim

438 2675 563 2754 ipsi
595 2672 936 2745 exoterici,
975 2680 1110 2732 tam
1143 2671 1443 2731 Britanni
1475 2691 1673 2751 qvam
1718 2673 1912 2746 Dani,
1944 2690 2175 2735 eorum
2206 2673 2591 2735 animalium
2634 2675 2832 2735 soler-

440 2774 603 2836 tiam
647 2789 1007 2850 cursusqve
1037 2771 1396 2832 valentiam
1441 2789 1649 2850 usqve
1677 2772 1760 2832 ad
1805 2772 2219 2834 miraculum.
2310 2774 2443 2836 Sed
2474 2774 2603 2834 rari
2648 2792 2831 2836 nunc

433 2881 672 2936 extant
717 2872 892 2951 apud
940 2889 1060 2932 nos
1101 2870 1250 2950 eqvi
1295 2871 1767 2949 generosioreS,
1834 2881 1969 2932 tam
2012 2880 2282 2951 propter
2326 2882 2586 2935 naturae
2628 2873 2831 2934 imbe-

435 2974 780 3036 cillitatem
797 2971 1153 3051 qvotannis
1169 2971 1672 3033 steriliscentem
1720 2991 1914 3050 qvam
1932 2980 2200 3051 propter
2218 2981 2449 3050 pastus
2464 2973 2826 3035 defectum.

441 3073 628 3135 Alias
658 3082 880 3135 autem
925 3072 1198 3133 fuerunt
1229 3080 1382 3132 ante
1429 3079 1653 3132 nostra
1697 3079 1992 3151 tempora
2034 3072 2200 3151 pulli
2244 3073 2396 3151 eqvi
2442 3073 2833 3134 mirabiliter

427 3174 666 3248 edocti,
714 3183 852 3235 tam
895 3172 976 3232 ad
1023 3189 1258 3233 cursus
1317 3171 1540 3232 varios
1600 3190 1795 3249 qvam
1840 3171 2136 3249 insignes
2192 3173 2600 3247 saltationes,
2649 3173 2822 3247 dico,

438 3274 701 3352 qvando
743 3274 850 3334 vel
892 3273 1061 3333 duos
1102 3289 1336 3349 passus
1380 3270 1579 3331 unico
1621 3271 1799 3332 saltu
1842 3289 1995 3332 cum
2038 3270 2360 3333 insessore
2416 3273 2822 3346 transiliunt,

439 3382 555 3435 aut
585 3374 752 3435 duas
781 3372 886 3434 vel
932 3380 1066 3433 tres
1117 3378 1356 3432 tonnas
1403 3370 1574 3447 (una
1624 3388 1824 3448 supra
1865 3370 2119 3449 posita)
2174 3371 2411 3433 leviter
2454 3381 2823 3447 transeunt,

434 3474 586 3546 &c.,
623 3493 660 3532 a
703 3472 945 3551 qvibus
987 3471 1150 3530 mihi
1197 3479 1508 3548 tempero,
1561 3470 1805 3548 neqvid
1851 3471 2025 3532 ultra
2068 3471 2715 3534 verisimilitudinem
2760 3472 2831 3533 in

432 3572 724 3633 medium
768 3569 1035 3631 afferam
1066 3578 1262 3648 atqve
1307 3570 1417 3631 hic
1459 3569 1659 3630 finem
1704 3570 2009 3644 facerem,
2046 3571 2175 3632 nisi
2220 3580 2507 3633 mentem
2550 3572 2825 3647 subiret,

437 3671 611 3750 qvod
655 3678 898 3749 praeter
928 3669 1190 3730 morbos
1231 3686 1613 3730 communes
1642 3678 1709 3731 et
1752 3670 2063 3748 vulgares
2090 3670 2219 3732 ista
2264 3671 2574 3732 animalia
2604 3673 2829 3734 omnia

436 3770 839 3851 peculiarem
869 3768 1220 3847 aliqvando
1249 3767 1551 3830 morbum
1593 3769 1906 3844 sentiant,
1944 3788 2178 3849 nempe
2208 3771 2477 3844 rabiem,
2516 3770 2645 3850 qva
2675 3773 2826 3851 eqvi

433 3871 698 3949 qvidem
723 3868 954 3947 perciti
981 3868 1415 3928 domunculas
1437 3867 1682 3929 aedium
1705 3870 1809 3930 vel
1837 3870 2153 3931 dentibus
2170 3889 2397 3932 eruere
2420 3873 2527 3933 vel
2545 3871 2828 3949 pedibus

433 3969 838 4031 horribiliter
879 3968 1323 4028 conculcando
1351 3975 1764 4045 prosternere
1815 3977 2245 4042 attentarant,
2284 3979 2357 4031 ut
2391 3970 2562 4032 nihil
2608 3971 2823 4032 dicam

431 4072 512 4131 de
569 4070 694 4144 his,
733 4089 881 4148 qvae
938 4069 1006 4128 in
1039 4067 1383 4129 hominum
1439 4086 1689 4131 noxam
1717 4069 2081 4147 perniciose
2103 4070 2553 4146 designarant.
2645 4068 2823 4132 Tum

428 4189 585 4232 vero
616 4171 836 4242 boveS,
873 4168 1137 4247 qvando
1180 4167 1379 4227 simili
1414 4167 1642 4229 morbo
1687 4177 1997 4242 aestuant,
2035 4170 2413 4231 vehementi
2446 4170 2711 4232 feritate
2755 4171 2825 4232 in

427 4271 727 4331 homines
757 4279 822 4330 et
857 4269 1108 4347 qvaevis
1131 4268 1327 4329 obvia
1359 4267 1690 4341 feruntur,
1720 4275 1784 4329 et
1815 4269 2055 4330 arietes
2085 4269 2153 4329 in
2186 4289 2306 4330 suo
2338 4289 2562 4347 grego,
2593 4271 2824 4332 eodem

427 4380 621 4432 aestro
680 4369 950 4442 turbati,
989 4369 1266 4429 nimium
1324 4386 1521 4446 qvam
1579 4367 1889 4429 saeviunt.
1986 4369 2197 4430 Canes
2254 4389 2512 4448 qvoqve
2569 4371 2815 4448 saepius

427 4469 752 4547 ejusmodi
784 4469 1030 4528 rabiem
1063 4476 1430 4542 senserunt,
1468 4468 1549 4528 de
1580 4468 1821 4546 qvibus
1850 4447 2103 4546 postea:
