3242 5684
983 621 1470 676 ANNALIUM
1493 622 1903 676 FARRAGO
2587 634 2624 694 7

239 791 521 870 ingressi
552 792 896 870 mulierem
925 793 1237 856 viderunt
1266 792 1765 872 parturientem,
1791 811 1941 872 qvae
1969 793 2255 871 puellam
2298 793 2626 872 hospitem

242 894 324 952 ad
397 893 820 954 assidendum
891 893 1236 955 invitabat.
1371 892 1652 954 Advena
1731 893 2018 971 primum
2105 911 2244 954 sese
2332 892 2627 955 modeste

241 1011 581 1067 excusare,
610 993 848 1054 deinde
879 1011 1125 1054 morem
1140 1010 1366 1070 gerere
1396 1001 1461 1054 et
1490 993 1691 1071 paulo
1711 1000 1861 1071 post
1878 992 2311 1055 obstetricati.
2363 992 2629 1058 Exinde

242 1110 466 1154 mensa
523 1101 813 1171 paratur,
849 1101 1246 1171 promuntur
1302 1093 1541 1167 edulia,
1579 1091 1887 1154 funditur
1928 1100 2145 1171 potus,
2238 1092 2332 1154 At
2390 1095 2629 1172 hospes

241 1201 504 1271 sumpta
553 1192 661 1254 vel
712 1211 843 1254 una
893 1193 1000 1255 vel
1050 1194 1256 1253 altera
1307 1193 1601 1254 buccella
1654 1200 1928 1254 nauseat
1959 1201 2273 1272 tanqvam
2310 1194 2620 1256 dolitura.

244 1295 552 1354 Dolorem
580 1311 812 1354 versus
840 1295 1032 1370 signo
1071 1293 1286 1354 crucis
1316 1298 1673 1354 antevertit
1701 1301 1766 1354 et
1810 1293 1905 1354 ita
1935 1293 2381 1355 dimissionem
2432 1294 2621 1372 petit.

245 1397 575 1471 Puerpera
605 1392 888 1454 abiturae
917 1392 1325 1454 sudariolum
1353 1393 1436 1454 de
1466 1393 1635 1454 collo
1664 1393 2107 1472 suspendebat
2148 1393 2377 1455 severe
2422 1395 2623 1455 inter-

239 1494 486 1568 dicenS,
516 1512 599 1554 ne
621 1494 726 1553 vel
745 1493 1062 1571 aspiceret
1085 1494 1191 1555 vel
1213 1492 1525 1572 cuquam
1544 1493 1734 1554 alteri
1756 1493 1965 1566 daret,
1990 1501 2187 1572 atqve
2210 1494 2303 1554 ita
2322 1494 2626 1556 futurum

247 1601 321 1655 ut
351 1593 696 1654 annuatim
728 1591 931 1669 unjus
953 1591 1274 1672 alterque
1303 1593 1465 1666 voti,
1503 1592 1675 1671 qvod
1708 1591 2001 1654 maxime
2043 1603 2322 1672 optaret,
2360 1613 2627 1672 compos

76 1741 82 1772 ,-
196 1690 573 1756 evaderet.
667 1690 870 1753 Facta
928 1692 1311 1754 dimissione
1369 1692 1480 1771 qvi
1511 1692 1697 1771 prius
1753 1692 2058 1767 deduxit,
2094 1693 2267 1754 idem
2327 1694 2617 1769 reduxit,

239 1795 450 1855 donec
476 1792 596 1854 vix
627 1792 822 1853 tertia
851 1792 981 1854 viae
1009 1810 1161 1870 pars
1187 1792 1458 1854 domum
1488 1792 1860 1870 repedanda
1888 1803 2276 1871 superesset.
2369 1795 2626 1857 Ibidem

239 1893 363 1955 sibi
412 1893 640 1954 relicta
669 1892 985 1953 sudarioli
1030 1893 1386 1970 plicaturas
1413 1893 1719 1955 evolvere
1761 1900 1826 1953 et
1866 1893 2147 1955 scrutari
2192 1913 2324 1955 non
2355 1895 2619 1970 desinit,

241 1993 459 2073 quoad
492 1991 833 2065 annulum,
871 2000 946 2053 ut
980 2000 1198 2070 putat,
1239 2011 1514 2054 aureum
1544 1992 1864 2067 inveniat,
1900 2012 2094 2072 qvem
2124 2012 2277 2054 cum
2321 1995 2625 2058 manibus

235 2101 551 2167 versaret,
615 2094 834 2154 denuo
893 2100 1205 2171 tanqvam
1261 2101 1638 2171 surreptum
1695 2093 1821 2154 sibi
1880 2093 2121 2154 amisit.
2252 2094 2475 2174 Atqve
2531 2096 2625 2157 ita

237 2194 508 2255 tandem
539 2193 620 2253 ad
649 2211 806 2254 suos
834 2211 1096 2253 reversa
1125 2192 1530 2272 aliqvamdiu
1559 2210 1795 2270 parum
1823 2193 1927 2254 sui
1957 2211 2223 2272 compos
2251 2194 2403 2256 fuit.

323 2292 617 2358 >'‘Eodem
647 2311 820 2353 anno
850 2291 918 2351 in
952 2291 1326 2353 universam
1358 2293 1719 2353 Islandiam
1748 2292 2062 2371 pestilens
2089 2293 2287 2354 boum
2319 2294 2629 2357 interitus

235 2393 524 2472 irrepsit,
563 2392 842 2453 fortasse
872 2392 1028 2470 quia
1059 2392 1240 2453 canis
1271 2392 1540 2471 quidam
1570 2391 1836 2470 Anglus
1863 2392 1935 2453 in
1963 2393 2356 2455 occidentali
2407 2395 2625 2474 aliqva

231 2493 578 2573 provincia
607 2492 864 2553 occisus
883 2492 1122 2566 fuerat,
1153 2500 1228 2553 ut
1260 2492 1562 2554 nonnulli
1586 2489 1917 2554 credunt.²
2000 2492 2201 2554 Anno
2236 2499 2391 2572 1598
2423 2514 2628 2557 verno

231 2604 529 2672 tempore
560 2600 978 2654 terraemotus
1020 2592 1475 2654 vehementior
1517 2601 1865 2672 utramqve
1908 2593 2119 2672 ripam
2161 2612 2351 2656 secus
2377 2594 2625 2657 flumen

233 2682 483 2758 &lvesa
538 2709 929 2771 omnemque
987 2692 1300 2754 viciniam
1381 2692 1789 2754 horribiliter
1866 2693 2222 2766 concussit,
2278 2703 2352 2756 ut
2430 2713 2629 2775 rupes

233 2793 470 2857 solidae
540 2791 1042 2854 diffinderentur
1110 2800 1177 2854 et
1249 2792 1503 2871 scopuli
1586 2811 1738 2854 cum
1811 2793 2340 2856 habitaculorum
2433 2796 2625 2857 ruina

234 2902 724 2972 rumperentur.

319 3003 521 3061 Anno
570 3001 724 3061 1600
771 2991 895 3068 *14
928 2992 1308 3054 Decembris
1371 2989 1677 3071 [integris
1727 2993 1941 3054 tribus
1993 2993 2174 3056 horis
2224 2993 2627 3057 meridianis²

235 3095 416 3157 facta
447 3101 546 3154 est
577 3092 899 3170 ecclypsis
927 3092 1106 3154 solis.
1203 3093 1418 3153 *Item
1462 3092 1533 3153 in
1562 3092 1793 3154 eodem
1837 3111 2058 3154 mense
2089 3103 2482 3172 conspectus
2524 3106 2624 3157 est
2673 3166 2678 3170 ,

234 3193 544 3257 immanis
572 3193 682 3255 ille
705 3192 942 3269 angvis
974 3193 1040 3252 in
1063 3191 1338 3254 flumine
1361 3191 1727 3268 Lagarfliot
1764 3188 2009 3271 [tribus
2030 3193 2405 3254 curvaturis
2426 3212 2627 3272 supra

233 3314 472 3375 aqvam
501 3287 986 3356 eminentibus³.
1078 3289 1292 3352 *Item
1322 3298 1691 3352 monstrum
1719 3286 1955 3352 simile⁸
1982 3291 2051 3351 in
2102 3291 2383 3369 trajectu
2438 3293 2629 3356 Albis

233 3393 743 3460 SkalholtensiS.
836 3390 1088 3456 Eodem
1111 3409 1285 3451 anno
1305 3390 1535 3451 scribit
1562 3393 1765 3466 Jonas
1786 3388 2204 3468 l‘ogmannus⁴
2230 3393 2399 3454 duos
2448 3404 2629 3456 cetos

235 3496 524 3556 minores
558 3491 705 3571 (qvi
738 3499 963 3552 nostra
992 3490 1220 3567 lingva
1264 3489 1754 3569 hcihymzjngar
1798 3492 2252 3569 appellantur)
2308 3493 2617 3570 proximo

237 3601 562 3674 autumno
616 3610 837 3652 orcam
869 3589 1182 3652 maximae
1240 3589 1433 3652 molis
1482 3591 1565 3652 ab
1624 3591 1759 3651 alto
1803 3591 1967 3650 mari
2022 3609 2227 3670 usqve
2270 3593 2351 3653 ad
2399 3594 2625 3655 littora

237 3691 652 3770 compulisse,
690 3709 810 3753 nec
838 3690 1022 3769 prius
1080 3690 1448 3758 horundem
1477 3689 1645 3751 iram
1700 3690 2109 3752 deferbuisse
2160 3711 2355 3770 qvam
2414 3685 2627 3756 hostis

237 3801 560 3867 mortuuS,
598 3798 835 3868 ruptus
878 3808 1259 3869 mersusqve
1301 3789 1547 3867 jaceret
1591 3791 1662 3851 in
1691 3790 1894 3865 mne,
1931 3791 2104 3870 qvod
2135 3792 2625 3871 Snaefellsjokle

235 3893 533 3958 vicinum
555 3899 676 3965 est,
701 3898 898 3969 atqve
916 3889 1011 3951 ita
1034 3891 1302 3952 tandem
1326 3910 1363 3951 a
1385 3890 1721 3952 littoribus
1750 3892 1832 3951 ad
1865 3900 2021 3953 nota
2052 3892 2221 3954 vada
2248 3892 2618 3956 divertisse.

317 4003 516 4062 Anno
551 4001 706 4062 1601
754 3990 915 4055 Erat
945 3990 1103 4052 solis
1142 3990 1345 4052 facies
1373 3990 1678 4067 lugubris
1728 3999 1793 4052 et
1823 3991 2069 4069 pallida
2119 3999 2185 4053 et
2214 3992 2337 4053 lux
2388 3993 2625 4054 emissa

233 4105 371 4158 tam
401 4093 625 4167 dubia,
662 4099 738 4153 ut
769 4091 1023 4152 umbrae
1052 4109 1272 4152 rerum
1301 4091 1372 4151 in
1402 4098 1576 4151 terra
1606 4098 1748 4151 tota
1780 4098 2011 4152 aestate
2042 4109 2175 4152 non
2204 4101 2617 4170 apparerent.

233 4199 379 4258 Nec
411 4192 736 4255 montium
764 4191 1046 4253 vertices
1103 4198 1221 4252 aut
1249 4191 1458 4252 latera
1515 4191 1655 4252 sive
1685 4190 1755 4250 in
1812 4198 1963 4251 ortu
1992 4189 2133 4252 sive
2189 4190 2259 4251 in
2288 4209 2527 4253 occasu
2584 4211 2623 4252 a

231 4307 529 4374 tempore
585 4289 1135 4371 qvadragesimali
1193 4309 1454 4352 omnem
1511 4308 1679 4368 pene
1738 4297 2039 4351 aestatem
2097 4289 2204 4351 vel
2276 4290 2622 4354 minimum

230 4397 628 4467 rubuerunt,
665 4391 823 4471 qvin
880 4390 1106 4470 potius
1163 4409 1342 4452 nunc
1402 4389 1552 4451 aeris
1610 4389 1838 4468 Cyprij
1901 4407 2079 4450 nunc
2136 4390 2358 4451 stanni
2415 4390 2625 4454 instar

229 4494 492 4577 palluit.
585 4490 674 4556 Et
703 4491 854 4552 coeli
885 4498 1191 4568 aspectus
1219 4489 1421 4551 etiam
1449 4489 1520 4550 in
1549 4489 1906 4551 serenitate
1937 4489 2120 4568 qvasi
2163 4489 2451 4566 nubiluS,
2486 4499 2621 4554 tur·

226 4598 546 4660 bulentus
601 4599 666 4652 et
695 4590 954 4652 luridus
1011 4590 1339 4668 apparuit.
1435 4590 1659 4668 Atqve
1717 4589 1842 4651 hoc
1871 4590 2293 4652 observatum
2350 4599 2449 4653 est
2506 4612 2624 4672 per
