3242 5684
663 643 744 686 20
1616 638 2085 694 ISLANDICA

657 807 948 888 episcopi
993 809 1520 886 Skalholtensis¹,
1579 811 1773 874 bonae
1816 810 2170 885 memoriae,
2220 811 2422 873 semel
2471 810 2609 873 fere
2658 810 2895 889 qvovis
2938 809 3039 870 die

657 926 736 970 ac
791 919 981 973 noete
1036 911 1322 989 praebuit
1380 931 1451 974 se
1507 911 2047 990 conspiciendum
2104 911 2173 972 in
2232 913 2376 973 loco
2432 910 2807 990 sopradicto
2864 911 3037 988 apud

658 1007 909 1072 Hofda.
1003 1013 1130 1074 Dn.
1167 1010 1556 1092 Episcopus,
1592 1031 1744 1074 cum
1786 1020 2048 1090 pastore
2076 1030 2199 1074 suo
2244 1013 2371 1072 Dn.
2410 1011 2685 1076 Erasmo
2726 1010 3042 1073 Vilhelmi

659 1107 888 1184 Dano²,
924 1111 1097 1188 exijt
1127 1113 1208 1172 ad
1257 1112 1841 1192 contemplandum
1878 1111 2271 1190 diligentius
2297 1110 2623 1189 ejusmodi
2670 1120 3041 1173 creaturam

654 1227 772 1270 seu
831 1219 1220 1286 monstrum,
1255 1220 1401 1273 tum
1457 1231 1615 1274 vero
1667 1231 1738 1274 se
1795 1212 2141 1274 abscondit
2188 1221 2253 1273 et
2304 1212 2433 1274 sub
2477 1211 2666 1291 aqvis
2719 1206 3042 1273 delituit.⁸

655 1308 948 1374 *Eodem
1006 1331 1181 1373 anno
1207 1312 1394 1374 sinus
1451 1312 1518 1372 in
1577 1312 1883 1374 orientali
1942 1320 2161 1373 tractu
2220 1311 2477 1384 insulae,
2516 1312 2782 1373 nomine
2842 1310 3035 1372 Reid-

655 1409 1001 1484 arfiordur,
1037 1411 1107 1471 in
1157 1411 1544 1489 sangvinem
1595 1431 1955 1475 conversus
2003 1413 2356 1474 videbatur
2415 1408 2627 1492 [totus
2671 1412 2756 1473 ab
2790 1411 3043 1473 intimis

654 1509 993 1572 littoribus
1023 1529 1227 1591 usqve
1257 1512 1340 1572 ad
1370 1521 1673 1574 extrema
1702 1510 2049 1588 Seleyiar.⁴
2130 1510 2347 1573 *Item
2388 1511 2619 1574 scribit
2672 1514 2799 1573 Dn.
2838 1512 3043 1574 Olaus

657 1608 936 1684 EneruS,
988 1612 1386 1690 praepositus
1430 1612 1855 1674 ecclesiarum
1902 1608 2365 1686 orientalium⁶,
2402 1620 2791 1690 conspectos
2839 1611 3044 1674 fuisse

653 1709 722 1770 in
781 1711 949 1771 eoelo
977 1711 1084 1773 die
1139 1730 1369 1773 serena
1397 1713 1572 1774 circa
1621 1713 1828 1774 solem
1856 1713 2227 1775 naturalem
2284 1721 2569 1791 qvatuor
2624 1712 2789 1774 alios
2846 1713 3036 1774 soles.

652 1812 824 1871 Item
877 1810 1244 1873 Finnonem
1288 1812 1500 1875 Gislai
1559 1812 1801 1874 vidisse
1861 1813 2261 1874 horrendum
2319 1813 2506 1873 illum
2579 1821 2645 1873 et
2702 1812 3041 1874 immensae

654 1909 1136 1986 magnitudinis
1163 1931 1448 1990 angvem
1478 1913 1548 1975 in
1578 1912 1852 1974 flumine
1873 1911 2258 1990 Lagarfliot.
2350 1911 2646 1976 *Eodam
2676 1931 2853 1974 anno
2872 1913 3041 1974 circa

653 2009 894 2073 festum
955 2014 1375 2074 Pentecostes
1431 2013 1693 2076 rettulit
1776 2010 1909 2093 [vir
1964 2012 2372 2074 authoritate
2442 2022 2509 2074 et
2566 2013 2749 2074 senio
2822 2013 3042 2088 gravis

655 2107 1068 2186 Bryniulfus⁸
1096 2111 1164 2173 in
1194 2113 1446 2191 praedio
1475 2112 1923 2174 meridionalis
1953 2113 2268 2174 Islandiae
2296 2113 2552 2176 Skarde
2600 2112 2939 2173 audivisse
2976 2131 3039 2174 se

651 2211 990 2289 ingentem
1018 2213 1286 2292 pulsum
1309 2232 1799 2292 campanarum.

734 2320 932 2381 Anno
968 2323 1122 2382 1612
1169 2313 1294 2376 *In
1325 2314 1483 2375 villa
1515 2313 1999 2376 Hofdabrecku
2040 2311 2208 2393 [fere
2248 2309 2481 2374 tribus'
2513 2313 2694 2374 horis
2740 2322 2897 2374 ante
2948 2313 3038 2373 di-

650 2412 948 2474 luculum
977 2413 1341 2476 exauditur
1371 2411 1671 2494 [saepius⁸
1697 2415 1929 2492 pulsus
1956 2432 2073 2475 seu
2099 2432 2293 2475 voces
2322 2431 2789 2492 campanarum
2834 2431 3036 2493 usqve

652 2512 734 2572 ad
766 2513 1155 2574 diluculum.
1251 2517 1420 2574 Item
1458 2513 1756 2575 referunt
1804 2517 1931 2576 Dn.
1971 2515 2287 2576 Ormerus
2336 2511 2732 2584 Thorvardi,
2768 2508 3031 2591 pastor’,

650 2622 716 2674 et
750 2613 1006 2674 Islevus
1031 2612 1111 2689 Ε]
1123 2610 1305 2675 ulvi¹⁰
1325 2633 1395 2674 se
1424 2633 1683 2692 qvoqve
1706 2614 2039 2676 audivisse
2061 2613 2386 2691 ejusmodi
2411 2613 2676 2692 pulsum
2695 2631 3036 2691 campana—

650 2732 797 2775 rum
867 2710 965 2792 [in
1024 2711 1246 2775 aete.¹¹
1332 2716 1503 2775 Item
1574 2716 1729 2777 duae
1801 2715 2101 2776 honestae
2171 2712 2483 2791 muljeres
2556 2713 2626 2774 in
2698 2712 3037 2792 provincia

652 2811 1005 2875 Fliotshlid
1035 2815 1386 2892 perhibent
1417 2833 1485 2875 se
1515 2814 1758 2876 vidisse
1786 2815 1953 2876 duas
1982 2815 2175 2875 lunas
2204 2814 2401 2875 simul
2433 2813 2501 2875 in
2531 2813 2923 2892 plenilunio,

732 2922 930 2982 Anno
965 2923 1126 2982 1614
1168 2914 1367 2976 *Post
1397 2915 1667 2975 solenne
1699 2914 1970 2976 Festum
1998 2914 2394 2976 Nativitatis
2424 2915 2676 2976 Christi
2704 2914 2773 2974 in
2803 2912 3041 2974 insulis

651 3016 1231 3076 Westmannorum
1261 3015 1568 3094 apparuit
1599 3015 1800 3092 piscis
1817 3015 2084 3093 qvidam
2113 3014 2253 3076 sive
2284 3024 2652 3076 monstrum
2682 3014 3031 3085 marinum,

648 3116 910 3178 duobus
959 3115 1144 3195 qvasi
1194 3115 1411 3178 aureis
1449 3115 1763 3177 cornibus
1812 3114 2226 3192 insignitum,
2263 3115 2438 3193 qvod
2488 3115 2644 3175 licet
2677 3113 2921 3192 gladijs
2972 3120 3038 3173 et

648 3217 798 3277 telis
847 3217 1298 3295 impeteretur,
1333 3215 1502 3277 nihil
1550 3212 2005 3289 movebatur²²3
2053 3215 2261 3276 donec
2312 3215 2579 3275 tandem
2630 3223 2865 3293 sponte
2912 3232 3035 3275 sua

648 3316 990 3378 discedens
1047 3316 1368 3393 aeqvoreis
1413 3315 1610 3378 undis
1667 3335 1808 3377 sese
1837 3315 2276 3392 immergeret.
2369 3313 2662 3380 *Eodem
2722 3333 2895 3375 anno
2962 3333 3038 3392 14

646 3416 829 3493 Junij
865 3417 1300 3494 irruptionem
1344 3416 1645 3477 fecerunt
1675 3416 2021 3494 praedones
2072 3415 2278 3491 Angli
2310 3423 2376 3476 et
2432 3415 2716 3493 Hispani
2748 3415 2817 3475 in
2868 3432 3038 3493 prae·

646 3517 858 3577 dictas
903 3519 1482 3578 Westmannorum
1535 3516 1805 3589 insulaS,
1842 3516 2149 3577 tabernas
2199 3522 2636 3577 mercatorum
2697 3518 3039 3578 Danorum

646 3616 980 3694 praecipue
1022 3616 1412 3677 invadentes
1460 3615 1870 3694 optimasqve
1928 3615 2191 3676 illorum
2249 3633 2497 3675 merces
2542 3612 3041 3693 deportanteS,¹³

647 3715 915 3776 viliores
944 3724 1186 3789 autem,
1224 3734 1387 3794 qvas
1415 3716 1946 3788 contemnebant,
1983 3733 2230 3776 merces
2260 3715 2326 3775 in
2359 3734 2537 3776 mare
2584 3715 3031 3793 projecerunt.

731 3825 927 3884 Anno
963 3822 1117 3883 161⁵
1164 3815 1397 3877 *Circa
1428 3815 1799 3892 ingressum
1819 3814 2078 3890 hyemis
2094 3815 2162 3874 in
2182 3815 2333 3876 sinu
2356 3815 2638 3894 qvodam
2662 3816 3035 3878 occidenta-

645 3917 727 3979 lis
757 3916 1072 3978 Islandiae
1102 3925 1235 3976 tres
1276 3916 1666 3993 praedonum
1698 3935 1899 3976 naves
1954 3916 2022 3977 vi
2056 3915 2295 3977 validae
2351 3915 2763 3994 tempestatis
2791 3924 2857 3977 et
2918 3917 3034 3978 im-

645 4019 842 4096 pulsu
875 4015 1345 4078 Grbnlandicae
1375 4014 1610 4093 glaciei
1643 4015 1876 4076 fractae
1914 4024 2091 4077 sunt.
2186 4014 2560 4079 Evaserunt
2602 4016 2728 4078 viri
2782 4021 2883 4090 88,
2922 4015 3038 4096 qvi

643 4137 762 4196 per
805 4116 1180 4195 provincias
1209 4115 1649 4177 occidentales
1700 4134 2013 4193 magnum
2044 4133 2392 4177 numerum
2445 4115 2669 4177 ovium
2695 4125 2759 4177 et
2808 4135 3031 4179 rerum

644 4217 1153 4278 domesticarum
1184 4216 1626 4295 diripuerunt,
1665 4216 1838 4278 unde
1868 4217 2328 4291 syselmannus
2351 4215 2558 4276 Areta
2592 4214 3038 4293 Magni¹⁴cum

641 4314 824 4379 suis¹⁵
883 4336 955 4394 31
992 4317 1254 4378 illorum
1314 4317 1697 4395 supervenit
1728 4336 1805 4377 ae
1851 4315 2185 4377 interemit
2216 4315 2284 4375 in
2336 4315 2551 4377 insula
2582 4315 2798 4390 AEdey
2836 4318 3040 4396 paulo

645 4427 798 4480 ante
845 4417 1238 4479 Nativitatis
1268 4415 1540 4479 Festum
1593 4416 1979 4480 salvatoris,
2074 4415 2339 4494 Reliqui
2386 4435 2543 4477 vero
2575 4435 2849 4478 numero
2896 4417 3040 4479 fere

646 4537 728 4595 50
743 4519 812 4579 in
835 4518 1124 4580 tabernis
1145 4520 1481 4578 Danorum
1504 4517 1584 4577 ad
1607 4516 1922 4578 Vatneire
1941 4516 2396 4591 hybernarunt
2417 4534 2624 4594 usque
2648 4518 2728 4577 ad
2754 4535 3037 4579 vernum

645 4628 926 4697 tempus,
