3242 5684
572 633 656 692 40
1531 628 1723 683 JSLA
1730 629 1897 682 ΝΒ]
1896 629 1947 684 C
1938 630 1997 682 A

567 801 832 864 Similes
853 803 1154 882 qvaedam
1185 802 1325 864 sive
1355 803 1588 866 bestiae
1615 803 1757 866 sive
1786 811 2077 866 monstra
2108 805 2329 884 potius
2358 814 2619 868 naturae
2650 806 2719 866 in
2748 804 2955 885 pluri-

563 902 690 962 bus
705 901 856 980 alijs
878 902 1182 964 amnibus
1199 921 1276 966 ac
1292 902 1456 964 fluvi
1459 903 1524 980 js
1539 903 1657 982 huj
1668 923 1747 966 us
1764 904 2054 982 regionis
2070 905 2351 966 subinde
2366 905 2679 985 conspici,
2700 915 2955 966 certum

561 1010 684 1074 est,
722 1021 852 1062 non
912 1011 1132 1064 tamen
1165 1021 1374 1080 aeqvae
1403 1003 1885 1080 magnitudinis
1914 1022 2125 1082 neqve
2154 1021 2411 1082 semper
2440 1005 2665 1066 eadem
2710 1004 2949 1082 figura.

565 1103 789 1164 Unum
847 1102 1112 1180 qvidem
1169 1102 1238 1163 in
1269 1103 1498 1164 eodem
1557 1102 1959 1180 Lagarfliote
1990 1103 2200 1165 forma
2259 1105 2495 1183 phocae
2535 1105 2819 1166 insvetae
2877 1123 2955 1165 ac

563 1211 952 1264 monstrosae
1021 1202 1504 1278 magnitudinis
1529 1226 1543 1276 ;
1590 1203 1873 1264 alterum
1932 1203 2213 1281 figuram
2272 1203 2435 1283 rajae
2476 1206 2791 1266 maximae
2834 1209 2953 1265 im-

565 1321 811 1362 mensae
881 1302 1274 1380 qvantitatis
1346 1311 1797 1381 repraesentat.
1905 1304 2201 1382 Skaptaa
2271 1321 2607 1382 permeare
2675 1313 2957 1384 putatur

561 1402 798 1479 ingens
867 1402 1104 1479 angvis
1173 1400 1520 1463 fluviatilis
1590 1403 1965 1464 versicolor.
2062 1404 2415 1466 Proximus
2487 1405 2645 1466 huic
2699 1406 2955 1484 praedio

561 1501 1014 1564 Skalholtensi
1045 1501 1256 1562 affluit
1286 1502 1499 1563 amnis
1528 1502 1829 1564 notorius
1858 1502 2071 1574 Albis,
2111 1503 2393 1582 Hvijtaa
2436 1504 2721 1576 nomine,
2758 1524 2954 1583 qvem

563 1601 704 1662 sive
735 1601 1006 1662 unicum
1057 1601 1340 1678 idgenus
1369 1611 1739 1664 monstrum
1788 1603 1915 1664 sub
1963 1603 2147 1663 varia
2196 1603 2407 1665 forma
2458 1604 2737 1666 diversis
2788 1605 2955 1666 locis

563 1701 1016 1778 spectandum,
1075 1701 1216 1763 sive
1265 1701 1476 1762 multa
1535 1701 1747 1762 forma
1799 1711 2019 1764 tamen
2069 1702 2489 1764 dissentanea
2538 1703 2943 1778 inhabitant,

562 1800 890 1863 incertum
919 1809 1040 1862 est.
1132 1801 1363 1878 Surgit
1396 1802 1572 1862 enim
1603 1821 1691 1862 ex
1722 1803 1911 1880 aqvis
1936 1801 2291 1880 aliqvando
2343 1804 2528 1882 qvasi
2559 1822 2693 1865 una
2744 1804 2951 1866 moles

561 1900 884 1975 informis,
919 1901 1341 1962 domunculae
1383 1901 1521 1962 sive
1567 1901 1849 1962 aedificio
1894 1902 2031 1962 fere
2072 1902 2327 1978 similis,
2376 1903 2694 1982 sqvalida,
2732 1905 2953 1966 colore

559 2001 898 2074 subfusca,
961 2001 1295 2062 interdum
1353 2001 1715 2079 variegata.
1811 2001 1998 2063 Alias
2068 2013 2339 2081 apparet
2398 2003 2582 2082 qvasi
2656 2005 2949 2066 cuticula

560 2119 793 2180 parum
824 2101 1053 2180 pilosa,
1089 2101 1444 2179 aliqvando
1473 2120 1803 2179 sqvamea‚
1840 2101 2083 2162 alicubi
2128 2104 2519 2182 qvandoqve
2548 2112 2835 2165 testacea
2882 2113 2949 2165 et

559 2202 744 2280 qvasi
803 2201 1106 2263 scoriata.
1199 2201 1389 2262 Alias
1445 2202 1629 2262 velut
1661 2201 1877 2263 insula
1936 2202 2191 2263 minuta
2234 2203 2574 2264 subsidere
2630 2213 2697 2264 et
2740 2203 2952 2266 fluvio

559 2301 859 2363 innatare
903 2302 1214 2375 videtur;
1262 2301 1424 2361 alias
1466 2301 1677 2362 instar
1704 2301 2011 2362 immanis
2053 2303 2289 2379 angvis
2316 2303 2639 2380 variegati
2684 2322 2954 2365 cernere

558 2410 678 2463 est.
773 2401 962 2462 Alias
1011 2419 1144 2461 una
1175 2409 1436 2462 tantum
1488 2410 1674 2479 parte
1722 2401 1823 2462 sui
1876 2402 1981 2462 vel
2033 2411 2412 2474 curvatura,
2448 2403 2612 2464 alias
2660 2403 2945 2477 duabus,

559 2502 721 2561 alias
770 2501 986 2561 tribus
1014 2518 1084 2560 se
1133 2499 1494 2560 videndum
1523 2501 1822 2574 exhibet,
1858 2510 2249 2580 tantumqve
2300 2511 2375 2563 ut
2426 2503 2592 2564 mira
2643 2513 2709 2565 et
2762 2503 2949 2564 varia

559 2600 1072 2673 monstrositate,
1109 2599 1203 2660 sic
1233 2618 1488 2678 qvoqve
1513 2609 1881 2662 monstrosa
1910 2601 2231 2664 varietate
2258 2625 2273 2676 3
2321 2602 2517 2663 aliam
2534 2611 2732 2682 atqve
2749 2604 2949 2664 aliam

559 2700 778 2760 induit
809 2699 1111 2776 figuram,
1150 2699 1275 2759 nisi
1307 2707 1406 2760 tot
1435 2700 1569 2760 sint
1614 2710 1927 2774 monstra,
1965 2709 2125 2779 qvot
2156 2701 2367 2763 forma
2418 2702 2485 2762 in
2514 2705 2745 2764 eodem
2796 2705 2948 2765 lacu

557 2809 625 2861 et
667 2797 1032 2877 perfluente
1077 2798 1474 2862 habitantes,
1571 2803 1950 2862 Pescatores
1980 2801 2154 2874 novi,
2190 2802 2323 2880 qvi,
2361 2802 2574 2863 cimba
2613 2803 2680 2863 in
2728 2805 2949 2864 medio

557 2900 825 2978 gurgite
863 2899 1215 2960 haesitante
1245 2901 1857 2977 supernaturaliter,
1894 2909 2087 2961 extra
2134 2901 2414 2962 cimbam
2445 2921 2515 2962 se
2563 2914 2948 2981 receperant

557 3019 634 3060 ae
676 3007 948 3072 stanteS,
1001 3009 1075 3061 ut
1120 2999 1431 3073 creditur,
1483 2999 1552 3060 in
1595 3000 1715 3060 tali
1760 3019 2030 3078 corpore
2076 3001 2319 3062 ibidem
2362 3003 2629 3077 latente,
2667 3004 2947 3065 eandem

555 3100 700 3161 loco
729 3119 992 3162 movere
1019 3108 1086 3161 et
1116 3099 1380 3161 fluitare
1399 3118 1663 3160 necesse
1686 3100 2061 3161 habuerint.
2134 3100 2357 3179 Equs
2373 3121 2628 3180 qvoqve
2647 3105 2941 3178 memini,

555 3200 624 3260 in
655 3201 1030 3262 vastissimo
1059 3200 1218 3262 huic
1249 3199 1514 3277 gurgite
1533 3200 1747 3260 amnis
1776 3209 2003 3261 natare
2020 3200 2271 3274 solitoS,
2300 3201 2587 3280 inqviete
2608 3204 2850 3265 vadare
2874 3205 2945 3265 in

556 3301 770 3362 medio
799 3300 1278 3378 profunditatis
1305 3299 1630 3376 subjecte,
1666 3302 1840 3378 qvod
1870 3299 2257 3376 conjiciunt,
2288 3301 2507 3381 aliqvo
2537 3303 2654 3363 tali
2674 3323 2947 3382 corpore

554 3399 980 3461 fluviatilium
1038 3407 1515 3479 portentatum,
1579 3401 1661 3461 de
1718 3400 1957 3478 qvibus
2013 3401 2295 3462 diversae
2348 3411 2506 3462 sunt
2572 3404 2939 3480 opiniones,

554 3500 893 3578 Siqvidem
923 3500 1122 3576 aliqvi
1155 3499 1387 3560 volunt
1421 3501 1566 3560 haec
1595 3519 1737 3560 esse
1766 3508 2025 3578 spectra
2044 3509 2108 3561 et
2139 3503 2603 3577 phantasmata
2625 3504 2944 3565 daemoni-

553 3618 687 3671 aca,
728 3597 837 3674 alij
873 3597 1146 3677 spiritus
1175 3599 1543 3672 damnatOS,
1581 3617 1892 3678 corporea
1924 3599 2199 3662 vestitos
2228 3600 2463 3678 figura,
2502 3605 2939 3678 contendunt,

552 3711 830 3776 qvorum
862 3705 1172 3758 neutrum
1204 3699 1366 3758 mihi
1391 3697 1465 3758 fit
1497 3699 1871 3760 verisimile.
1965 3699 2293 3780 Quicqvid
2324 3701 2499 3762 enim
2531 3705 2804 3764 monstri
2828 3705 2939 3779 sit,

554 3816 933 3875 corpoream
965 3816 1242 3856 massam
1274 3805 1337 3858 et
1371 3799 1606 3858 molem
1638 3806 1703 3858 et
1728 3806 1981 3860 motum
2011 3799 2337 3861 visibilem
2359 3802 2598 3863 habere
2622 3804 2937 3878 cernitur,

553 3898 828 3974 ideoqve
885 3905 1254 3958 creaturam
1312 3897 1628 3973 tangilem
1686 3885 1882 3975 sapit.
2002 3901 2197 3972 Sunt,
2262 3901 2373 3978 qvi
2432 3908 2752 3963 tentarint
2825 3907 2941 3966 sed

556 3998 802 4058 frustra
854 3996 1118 4074 sagittis
1153 3996 1516 4073 manuarijs
1562 4017 1844 4074 angvem
1897 3998 2162 4072 adoriri,
2198 4000 2350 4077 qvia
2402 4000 2541 4079 ipse
2592 4003 2945 4079 neqvidem

554 4098 890 4159 tantillum
948 4097 1226 4158 sensisse
1271 4097 1656 4159 observatus
1711 4107 1832 4158 est.
1928 4099 2220 4159 Plurima
2279 4099 2599 4174 fabulosa,
2651 4122 2800 4180 qvae
2858 4105 2940 4164 ad

552 4201 723 4260 hanc
754 4178 1198 4258 narrationem
1229 4206 1526 4274 spectare
1556 4197 1888 4271 videntur,
1924 4198 2159 4271 scienS,
2186 4200 2415 4260 volens
2444 4209 2766 4278 praetereo
2798 4212 2940 4264 tan—

551 4317 748 4378 qvam
792 4316 1060 4375 prorsus
1104 4297 1314 4358 relatu
1359 4297 1635 4373 indigna
1680 4298 2076 4377 minimeqve
2118 4317 2299 4360 sana.
2435 4300 2791 4362 Addantur
2836 4304 2943 4364 his

552 4396 1048 4476 hyppopotami,
1086 4397 1196 4474 qvi
1227 4397 1611 4475 plerumqve
1658 4398 1783 4458 sub
1814 4397 2025 4458 forma
2075 4398 2313 4476 eqvina
2364 4400 2645 4476 spectari
2698 4403 2934 4476 solent,

549 4499 824 4574 ideoqve
854 4496 1270 4556 nikurlzestar
1294 4497 1608 4575 appellari
1658 4506 2166 4558 consveverunt.
2262 4497 2354 4558 Hi
2386 4507 2449 4559 et
2502 4518 2775 4561 numero
2807 4521 2941 4564 non

551 4597 742 4676 pauci
802 4605 868 4657 et
928 4596 1297 4674 qvantitate
1355 4614 1488 4656 non
1545 4596 1795 4673 exigua
1854 4597 1922 4657 in
1968 4597 2198 4658 multis
2258 4598 2444 4676 aqvis
2471 4602 2941 4676 stagnantibus
