3242 5684
580 673 662 732 42
1545 667 2011 724 ISLANDICA

579 839 812 918 bestijs
869 849 1156 916 tueatur,
1191 849 1519 922 oportune
1575 841 1659 904 ad
1717 841 2049 904 auxilium
2106 851 2569 922 properantem
2618 841 2967 916 vidissent,

580 958 730 1019 qvae
773 939 934 1002 totis
977 939 1230 1002 viribus
1273 949 1340 1004 et
1384 941 1633 1020 insigni
1677 942 1959 1021 quadam
2004 942 2185 1004 lucta
2227 950 2609 1021 portentum
2667 943 2793 1005 hoc
2837 961 2971 1004 non

579 1039 792 1102 solum
834 1041 1154 1114 domavit,
1189 1042 1304 1103 sed
1346 1041 1549 1103 etiam
1591 1041 1825 1122 procul
1870 1042 1953 1103 ab
1996 1041 2233 1104 insulis
2274 1041 2513 1116 arcuit,
2559 1060 2649 1104 ex
2690 1059 2973 1121 qvorum

577 1139 862 1219 strepitu
893 1149 1080 1202 tanta
1109 1149 1342 1204 exorta
1371 1149 1472 1202 est
1501 1141 1703 1202 maris
1721 1141 2133 1220 inqvietudo,
2164 1150 2239 1204 ut
2263 1141 2499 1204 cimbae
2522 1141 2825 1222 praefatae
2848 1142 2971 1204 vix

576 1249 642 1302 et
674 1240 860 1319 qvasi
889 1258 1040 1302 cum
1065 1239 1226 1302 vitae
1243 1239 1592 1320 dispendio
1619 1251 1885 1320 portum
1916 1258 2113 1303 suum
2136 1249 2557 1320 occuparent.
2630 1241 2967 1321 Reliqvos,

581 1350 656 1403 ut
687 1359 962 1402 numero
1011 1341 1234 1419 plures
1289 1339 1385 1402 ita
1414 1339 1788 1419 qvantitate
1844 1341 2041 1418 longe
2084 1341 2373 1404 minores
2428 1342 2705 1420 ideoqve
2748 1343 2975 1404 minus

577 1441 848 1502 nocivos
873 1459 952 1502 ac
981 1440 1328 1514 terribiles,
1365 1458 1498 1502 non
1527 1440 1889 1502 oscitanter
1920 1449 2240 1520 praetereo
2266 1441 2617 1504 brevitatis
2643 1460 2865 1504 amore
2904 1450 2971 1503 et

578 1541 822 1603 studio.
919 1541 1244 1602 Homines
1285 1541 1573 1602 marinos
1616 1549 1813 1602 antea
1853 1540 2021 1614 dixi,
2058 1559 2221 1620 qvos
2262 1541 2543 1603 tritones
2583 1559 2661 1602 ac
2702 1559 2974 1616 syrenes

581 1641 858 1703 fortasse
881 1639 1104 1706 Latini
1125 1649 1616 1719 nuncuparunt,
1646 1639 2054 1702 nostratibus
2072 1641 2348 1718 vulgato
2368 1641 2633 1703 nomine
2653 1641 2975 1704 dicuntur

579 1739 982 1814 marbendill,
1015 1757 1220 1802 sexus
1249 1739 1619 1816 masculini,
1648 1745 1931 1820 margia,
1956 1739 2309 1803 foeminini.
2404 1741 2551 1804 111ae
2566 1741 2857 1820 qvidem,
2895 1751 2969 1804 ut

579 1840 792 1918 ajunt,
829 1849 1050 1920 caput,
1085 1839 1372 1914 vultum,
1408 1839 1653 1903 collum
1680 1850 1749 1903 et
1778 1841 2091 1903 humeros
2118 1859 2195 1902 ac
2234 1849 2451 1903 totum
2480 1859 2721 1920 corpus
2762 1859 2971 1920 usqve

575 1941 656 2004 ad
689 1939 1078 2002 umbilicum
1107 1940 1440 2002 hominem
1471 1941 1727 2002 nudum
1756 1949 2185 2020 representat,
2223 1941 2531 2003 manibus
2558 1949 2781 2002 tamen
2828 1960 2965 2003 car·

575 2050 817 2116 entem,
853 2041 980 2102 nisi
1010 2042 1181 2120 qvod
1211 2041 1458 2120 aliqvid
1489 2040 1705 2102 simile
1732 2040 1871 2102 fere
1899 2041 2025 2103 sub
2054 2041 2357 2103 mammis
2398 2041 2869 2121 conspiciatur,
2904 2049 2972 2103 et

576 2149 777 2222 caput
805 2141 1259 2204 acuminatum
1281 2141 1465 2220 qvasi
1495 2149 1763 2202 scutum
1792 2149 1979 2218 gerat
2004 2163 2019 2215 3
2066 2141 2429 2220 posteriora
2448 2141 2597 2214 ejus
2624 2141 2693 2202 in
2723 2141 2970 2220 piscem

575 2243 889 2304 desinunt
921 2264 938 2316 ;
1012 2241 1280 2304 faemina
1325 2249 1548 2302 autem
1591 2240 1897 2302 muliebri
1943 2240 2159 2318 figura
2199 2241 2577 2320 conspicua,
2629 2241 2843 2302 forma
2886 2241 2973 2302 ab

576 2343 724 2404 istis
751 2343 1024 2422 paulum
1052 2341 1334 2415 diversa,
1372 2359 1524 2402 nam
1569 2349 1794 2418 caput.
1830 2341 2117 2414 vultum,
2152 2341 2397 2403 collum
2442 2360 2519 2402 ac
2548 2342 2861 2403 humeros
2904 2350 2969 2403 et

575 2442 846 2504 brachia
894 2443 1094 2518 longa
1141 2441 1364 2515 habet,
1401 2457 1721 2502 mammos
1765 2441 2121 2503 muliebres
2170 2441 2597 2520 prolixosqve
2627 2441 2695 2501 in
2750 2442 2971 2520 capite

575 2542 868 2621 capillos,
906 2541 1108 2602 facies
1136 2549 1358 2602 tamen
1409 2540 1669 2618 utriqve
1698 2540 1890 2602 valde
1942 2549 2131 2603 torva
2160 2559 2303 2602 esse
2348 2541 2598 2602 dicitur
2626 2549 2693 2602 et
2741 2549 2965 2604 trucu-

575 2641 777 2715 lenta,
801 2659 876 2702 os
902 2640 1273 2713 diductum,
1299 2659 1490 2716 genae
1518 2639 1848 2719 pendulae,
1874 2648 2115 2702 caetera
2136 2641 2455 2720 pinnatus
2484 2639 2682 2719 piscis
2706 2663 2721 2714 3
2770 2650 2969 2720 atqve

575 2742 723 2802 haec
752 2749 1013 2802 tantum
1045 2747 1270 2800 nautae
1298 2749 1600 2819 poterent
1632 2739 1899 2814 referre,
1928 2749 2168 2802 caetera
2190 2740 2591 2818 ignorantes,
2620 2749 2969 2820 propterea

576 2841 750 2920 qvod
781 2840 995 2901 rarius
1022 2839 1141 2901 diu
1191 2848 1450 2918 spectra
1477 2840 1605 2901 ista
1656 2858 1774 2902 seu
1803 2849 2109 2919 portenta
2159 2841 2672 2919 conspiciantur.
2768 2839 2970 2902 Anno

583 2945 740 3019 1586
799 2948 1190 3002 annotatum
1221 2947 1320 3001 est
1350 2939 1420 3000 in
1479 2940 1753 3002 australi
1784 2949 1971 3019 parte
2028 2939 2343 3002 Islandiae
2371 2941 2581 3002 visam
2636 2939 2984 3020 ejusmodi·

574 3042 860 3121 speciem
920 3041 1250 3120 qvandam
1293 3049 1360 3102 et
1421 3040 1816 3102 exauditum
1860 3040 2214 3117 lugubrem
2256 3040 2413 3102 salis
2456 3041 2800 3118 gemitum,
2852 3041 2967 3120 qvi

575 3143 854 3204 fortasse
880 3142 1098 3204 vicem
1127 3149 1364 3202 cantus
1392 3139 1723 3216 Syrenum
1770 3140 2049 3202 obtinet.
2143 3141 2357 3202 Datur
2386 3140 2583 3201 etiam
2632 3141 2967 3218 qvoddam

575 3261 786 3320 genus
816 3241 1093 3304 monstri
1123 3239 1383 3314 marini,
1419 3241 1592 3318 qvod
1621 3247 1843 3301 erecto
1881 3257 2151 3318 corpore
2180 3249 2493 3319 tanqvam
2521 3257 2722 3318 super
2764 3259 2969 3319 aqvas

572 3352 748 3404 stare
777 3343 1062 3415 videtur,
1099 3342 1316 3403 colore
1346 3340 1592 3419 pallido
1623 3347 1688 3401 et
1720 3339 1935 3417 figura
1952 3339 2137 3418 qvasi
2157 3339 2465 3414 hominiS,
2488 3339 2727 3419 pannis
2746 3342 2963 3418 sepul-

573 3443 860 3504 cralibus
889 3441 1212 3504 obvoluti.
1306 3443 1456 3502 Hoc
1485 3448 1874 3513 monstrum,
1905 3440 2168 3518 qvando
2197 3447 2489 3519 apparet,
2518 3440 2683 3501 solet
2704 3440 2968 3502 auferre

576 3550 815 3604 nautas
856 3541 939 3602 de
969 3541 1202 3602 cimbis
1234 3558 1441 3601 unum
1471 3548 1618 3619 post
1651 3539 1876 3613 alium,
1911 3539 2269 3601 dilacerare
2298 3558 2376 3600 ac
2403 3539 2685 3601 exedere
2714 3539 2786 3600 in
2816 3559 2962 3619 pro-

575 3641 805 3714 fundo,
843 3639 971 3700 nisi
1015 3640 1127 3718 qvi
1171 3639 1633 3717 supervivunt,
1672 3639 1907 3713 contis,
1937 3639 2103 3700 velis
2129 3648 2198 3701 et
2241 3639 2519 3716 remigio
2546 3658 2742 3718 qvam
2784 3640 2962 3702 citis-

573 3741 739 3803 sime
797 3739 959 3816 fuga
1015 3738 1141 3800 sibi
1187 3739 1555 3800 consulant.
1652 3740 1913 3800 Nomen
1971 3739 2097 3817 ipsi
2126 3747 2435 3818 portento
2490 3738 2956 3818 hafrtrambur.

577 3841 798 3901 Minor
854 3838 1120 3918 qvidam
1149 3838 1349 3916 piscis
1405 3846 1521 3899 aut
1551 3838 1775 3900 verius
1802 3847 2135 3924 spectrum
2194 3837 2520 3900 consimili
2552 3839 2689 3901 fere
2716 3839 2956 3916 figura,

573 3960 708 4002 non
732 3940 943 4001 solum
974 3937 1197 3999 nautis
1215 3937 1484 3998 minime
1515 3938 1811 4012 nocivuS‚
1836 3940 1951 4000 sed
1981 3940 2203 4014 etiam,
2232 3939 2494 4017 qvando
2522 3939 2963 4002 sevisendum

570 4041 844 4121 praebet,
910 4039 1100 4100 valde
1130 4037 1483 4116 proficuuS,
1535 4037 1780 4099 dicitur
1835 4047 2060 4101 nostra
2114 4038 2343 4115 lingva
2401 4037 2730 4101 mialldur.
2826 4041 2963 4102 Hic

570 4141 947 4218 ubicunqve
978 4139 1271 4201 locorum
1301 4138 1372 4200 in
1394 4145 1585 4200 vasto
1613 4138 1778 4198 mari
1808 4147 2143 4217 appareat,
2170 4147 2349 4200 certo
2377 4137 2644 4201 subesse
2666 4139 2965 4202 creditur

569 4241 806 4319 ingens
833 4239 1302 4318 pisciculorum
1329 4237 1543 4317 copia,
1580 4238 1754 4317 qvod
1786 4238 1986 4299 etiam
2016 4237 2209 4301 multi
2240 4256 2393 4300 cum
2422 4237 2644 4300 fructu
2702 4237 2964 4301 utiliter

567 4351 726 4404 sunt
755 4339 1056 4418 experti;
1105 4339 1280 4400 unde
1310 4338 1775 4417 proverbium:
1822 4337 2173 4400 Sialldann
2226 4337 2481 4418 bregdst
2504 4337 2817 4398 mialldur
2862 4339 2965 4419 aff

570 4441 758 4514 mide,
795 4440 862 4500 id
922 4447 1043 4513 est,
1080 4457 1228 4500 raro
1258 4439 1442 4501 deest
1501 4438 1613 4500 hic
1641 4438 1843 4517 piscis
1898 4438 2064 4512 loco,
2101 4437 2212 4516 qvi
2256 4437 2577 4517 piscinam
2632 4437 2955 4501 continet.

568 4539 916 4602 Accedunt
946 4539 1027 4599 ad
1058 4539 1438 4617 supradicta
1493 4537 1660 4614 varij
1698 4538 1958 4616 generis
2016 4548 2307 4599 monstra
2365 4537 2530 4599 adeo
2586 4536 2953 4616 incognita,

568 4659 718 4720 qvae
761 4637 1115 4718 qvotannis
1145 4639 1282 4700 fere
1341 4638 1892 4717 multiplicantur.
1983 4636 2129 4699 Visi
2160 4645 2317 4699 sunt
2375 4637 2587 4716 pisces
2616 4637 2831 4717 capite
2888 4647 2961 4700 et
