3242 5684
623 602 696 648 12
1574 594 2045 650 JSLANDJCA

612 769 907 831 maximo
934 771 1236 848 perculsa
1265 769 1502 831 timore
1535 771 1747 830 Deum
1777 786 1897 847 pro
1924 787 2045 830 sua
2072 769 2288 830 salute
2326 776 2391 830 et
2423 766 2810 828 liberatione
2862 765 3013 827 ani-

611 870 818 932 mitus
873 870 1234 932 invocavit.
1329 869 1582 932 Deinde
1638 879 1987 949 postqvam
2044 868 2451 948 aliqvamdiu
2500 867 2882 946 qvievisset,
2932 867 3015 926 in

610 988 868 1032 summa
887 969 1000 1031 illa
1018 969 1516 1048 perturbatione
1533 979 1601 1032 et
1620 977 1870 1031 terrore
1887 969 2205 1042 nescienS,
2235 988 2364 1047 qvo
2382 967 2487 1030 vel
2506 967 2683 1030 unde
2699 967 3005 1038 vaderet,

609 1069 882 1132 domum
902 1089 972 1132 se
995 1070 1293 1132 conferre
1311 1078 1548 1132 conata
1569 1077 1693 1142 est,
1716 1079 1914 1149 atqve
1931 1069 2025 1130 ita
2045 1087 2163 1147 per
2189 1068 2498 1130 Divinam
2520 1066 3011 1146 protectionem

607 1169 932 1248 praedium
989 1170 1432 1250 propinqvum
1487 1165 2010 1231 Thorarinstade
2064 1169 2247 1230 salva
2303 1167 2687 1230 valetudine
2726 1175 2793 1229 et
2836 1185 3011 1228 sana

611 1278 830 1332 mente
859 1266 1178 1332 offendit¹.

692 1369 936 1432 *Anno
981 1370 1211 1432 eodem
1253 1366 1432 1450 [post
1485 1369 1769 1431 mediam
1800 1365 2122 1432 aestatem'
2170 1369 2237 1430 in
2286 1368 2667 1431 habitaculo
2712 1367 3009 1446 Skeggi·

610 1469 919 1531 astodum
954 1470 975 1530 i
1010 1470 1302 1532 Hierade
1339 1469 1510 1532 vidit
1553 1467 1689 1549 [vir
1712 1488 1973 1548 magnae
2001 1469 2433 1530 authoritatis
2452 1477 2521 1531 et
2548 1469 2743 1532 bonae
2793 1467 3005 1544 fidei²,

609 1570 880 1632 Gislaus
892 1569 1236 1644 Finnonis,
1256 1571 1516 1632 stellam
1531 1578 1987 1632 coruscantem
2016 1565 2219 1649 [circa
2233 1566 2595 1648 vesperam¹
2610 1569 2747 1630 sole
2765 1569 3012 1631 clario—

609 1687 747 1732 rem
803 1679 869 1730 et
941 1666 1240 1750 [reliqvis
1297 1665 1526 1731 stellis⁸
1597 1669 1936 1748 majorem,
1971 1689 2123 1748 qvae
2192 1667 2521 1730 deorsum’
2548 1687 2619 1730 se
2686 1671 3009 1732 movebat

608 1770 902 1830 modeste
945 1766 1239 1850 [qvidem
1269 1771 1351 1830 ad
1382 1769 1703 1830 orientem
1732 1787 1931 1848 super
1960 1767 2273 1830 montem⁴
2326 1769 2647 1832 Sandfell.
2742 1770 3013 1832 Deinde

606 1869 676 1930 in
707 1870 937 1930 eadem
973 1871 1167 1931 stella
1195 1869 1552 1946 imaginem
1600 1869 1889 1930 hominis
1934 1887 2086 1930 cum
2135 1869 2451 1948 expansis
2498 1869 2801 1930 manibus
2848 1871 3007 1931 des-

605 1965 1015 2032 cendentem⁶
1043 1970 1268 2032 videre
1295 1969 1421 2030 sibi
1452 1969 1639 2031 visus
1665 1979 1766 2030 est
1793 1991 1807 2044 ;
1852 1988 2054 2049 qvare
2081 1969 2481 2032 domesticos
2506 1987 2661 2030 suos
2710 1966 3009 2050 [specta-

607 2080 750 2133 tum
808 2069 1132 2144 evocavit,
1199 2069 1440 2150 qvibus
1493 2070 1722 2130 eadem
1782 2069 1953 2132 visio
2008 2069 2337 2148 apparuit.
2469 2072 2705 2132 Postea
2760 2072 3009 2132 statim

605 2167 933 2232 evanuit.⁸

979 2289 1075 2348 De
1108 2287 1424 2364 Herdijsa
1456 2287 1687 2362 Magni
1718 2285 1855 2348 filia
1884 2304 2097 2348 uxore
2130 2286 2305 2348 Ivari
2338 2285 2607 2362 Eyulvi,

1421 2405 1571 2466 qvae
1599 2386 1769 2464 obijt
1803 2405 1880 2464 23
1916 2385 2165 2463 Martij.

684 2548 882 2606 Anno
923 2547 1081 2607 16⁰6
1127 2537 1372 2602 Scribit
1421 2540 1625 2613 Jonas
1661 2534 1909 2613 Magni¹
1955 2537 2038 2599 de
2068 2537 2257 2599 obitu
2307 2537 2643 2616 Herdijsae
2688 2539 2757 2600 in
2806 2542 3003 2603 hunc

602 2639 892 2700 modum.
985 2637 1186 2699 Anno
1215 2637 1299 2698 ab
1329 2638 1486 2698 hinc
1515 2638 1715 2698 tertio
1744 2637 2083 2716 profectus
2110 2646 2209 2699 est
2262 2640 2499 2700 Ivarus
2536 2640 2735 2700 domo
2780 2659 3004 2703 verno

601 2747 894 2816 tempore
924 2737 1241 2799 victualia
1269 2737 1496 2799 domui
1530 2737 1893 2798 necessaria
1923 2737 2344 2816 qvaesiturus.
2437 2739 2637 2802 Socer
2666 2739 2813 2817 ejus
2853 2743 2993 2803 Dn.

600 2835 912 2916 Magnus⁸
965 2846 1031 2900 et
1066 2857 1238 2898 uxor
1270 2837 1556 2898 Herdisa
1586 2836 2072 2899 valedicturum
2102 2838 2182 2898 ad
2214 2838 2405 2900 littus
2433 2840 2989 2904 concomitantur.

603 2939 772 3019 Qvia
830 2957 986 3000 vero
1019 2941 1256 3000 Ivarus
1312 2939 1548 3012 hyeme
1597 2935 1903 3015 proxime
1960 2938 2229 2999 evoluta
2284 2939 2689 3001 somniorum
2740 2941 2999 3004 indicio

602 3039 893 3100 monitus
923 3046 1201 3099 mortem
1239 3037 1364 3099 sibi
1396 3037 1739 3098 imminere
1784 3037 2263 3116 suspicabatur,
2299 3057 2561 3100 socrum
2588 3055 2655 3101 et
2708 3059 2999 3104 uxorem

591 3139 947 3217 diligenter
977 3138 1468 3210 cohortabatur,
1509 3145 1583 3199 ut
1613 3137 2032 3214 concordiam
2052 3137 2336 3199 invicem
2366 3140 2615 3201 alerent
2634 3140 2995 3222 liberisqve

594 3260 789 3320 qvam
870 3239 1376 3316 diligentissime
1477 3237 1925 3317 prospicerent
1954 3261 1968 3312 ;
2058 3238 2360 3299 futurum
2443 3241 2620 3301 enim
2704 3251 2780 3304 ut
2863 3262 2997 3306 suo

592 3340 926 3418 adjutario
975 3339 1256 3401 ulterius
1312 3358 1444 3400 non
1497 3340 1898 3411 fruerentur,
1953 3347 2179 3416 utpote
2239 3339 2351 3418 qvi
2410 3342 2774 3404 Otthonem
2820 3342 2985 3406 Are-

592 3442 853 3503 sonium
910 3448 977 3501 et
1007 3442 1240 3514 Jonam
1271 3437 1621 3500 Thorsteni
1670 3437 1882 3500 filium
1912 3446 2081 3499 esset
2140 3448 2609 3502 conventurus,
2702 3442 2990 3506 Addunt

593 3540 704 3617 alij
740 3541 929 3600 illum
958 3539 1385 3600 interdixisse
1418 3539 1612 3599 uxori
1647 3546 1809 3599 tunc
1842 3539 2155 3617 temporis
2208 3539 2304 3600 uti
2337 3541 2537 3602 etiam
2594 3543 2859 3621 saepiuS,
2900 3564 2987 3606 ne

593 3659 883 3718 unqvam
913 3640 995 3699 ad
1025 3639 1316 3700 secunda
1345 3646 1501 3699 vota
1533 3638 1795 3699 rediret.
1889 3637 2154 3701 Accidit
2185 3647 2407 3700 autem
2438 3643 2879 3718 postmodum,
2906 3654 2987 3706 ut

593 3743 851 3813 IvaruS,
890 3740 1122 3812 Otth0‚
1157 3741 1360 3814 Jonas
1389 3735 1769 3811 Thorsteni,
1807 3737 1983 3799 filius
2012 3737 2312 3816 ejusdem
2350 3742 2540 3815 Jonae
2596 3751 2663 3803 et
2714 3744 2983 3806 Sumat-

592 3839 768 3900 lidus
797 3839 1064 3918 qvidam
1092 3838 1161 3899 in
1193 3839 1345 3898 navi
1382 3837 1762 3898 Britannica
1792 3837 1989 3899 simul
2017 3840 2447 3901 convenirent
2478 3849 2545 3902 et
2563 3841 2795 3904 vinum
2839 3843 2984 3920 igni

591 3939 954 4019 eliqvatum
988 3938 1352 4010 haurirent,
1389 3946 1586 4016 atqve
1615 3937 1711 3997 ita
1739 3937 1905 3998 bene
1933 3937 2073 4016 poti
2103 3939 2173 3999 in
2202 3941 2515 4018 scapham
2544 3959 2733 4003 suam
2762 3943 2983 4006 denuo

589 4040 1082 4102 descenderent.
1177 4041 1531 4118 Postqvam
1563 4045 1788 4099 autem
1819 4037 2100 4099 cimbam
2130 4038 2538 4118 aliqvamdiu
2565 4041 2633 4103 vi
2680 4042 2983 4105 brachio·

589 4158 735 4202 rum
759 4140 1069 4217 egissent,
1099 4139 1318 4199 nescio
1340 4138 1497 4218 qvid
1523 4138 1739 4199 turbae
1757 4137 1932 4198 inter
1954 4140 2225 4200 Ivarum
2276 4149 2343 4201 et
2365 4141 2401 4216 J
2404 4159 2599 4202 onam
2621 4139 2981 4206 Thorsteni

589 4241 810 4302 subito
853 4239 1301 4313 exoriebatur,
1338 4247 1414 4300 ut
1462 4258 1500 4299 a
1529 4237 1749 4300 verbis
1796 4238 1877 4298 ad
1909 4239 2181 4299 verbera
2213 4250 2671 4316 exsurgerent.
2765 4244 2984 4307 Ottho

588 4359 747 4402 vero
805 4347 1037 4419 utpote
1095 4339 1598 4418 tranqvillitatis
1657 4337 1982 4399 amantior
2012 4338 2325 4400 damnum
2384 4348 2855 4404 anteversurus
2912 4352 2979 4406 et

587 4440 874 4519 reliqvos
928 4441 1098 4500 duos
1128 4438 1597 4500 consiliaturus
1655 4437 1931 4511 accedit,
1966 4438 2139 4516 qvod
2172 4446 2310 4499 tam
2340 4439 2722 4502 infaeliciter
2752 4443 2972 4520 cessit,

586 4549 662 4602 ut
694 4540 1069 4601 naviculam
1096 4539 1382 4617 strepitu
1410 4556 1532 4600 suo
1560 4538 2021 4599 subverterent
2053 4546 2249 4618 atqve
2278 4539 2373 4600 ita
2402 4559 2629 4602 omnes
2658 4561 2979 4621 aqvarum
