3242 5684
622 614 657 658 2
1579 607 2047 664 ISLANDICA

699 783 898 844 Anno
931 783 1090 846 1308
1135 772 1397 838 *Tanta
1465 774 1725 850 hyemis
1780 775 2042 840 saevitia
2114 774 2475 837 Islandiam
2530 773 2778 836 invasit
2848 789 3019 836 cum

615 873 885 953 frigore,
923 875 1191 938 nivibus
1231 883 1300 938 et
1345 875 1853 956 tempestatibus
1895 873 2557 955 intemperatissimiS,
2604 871 2713 954 [ut
2742 891 3019 936 neeesse

615 977 936 1038 haberent
966 975 1490 1038 anniversarium
1511 984 1916 1038 conventum
1944 975 2281 1038 visitaturi
2302 975 2519 1036 media
2546 982 2780 1037 aestate
2800 991 3019 1054 eqvos

615 1075 905 1139 calceare
954 1077 1508 1156 qvemadmodum
1538 1075 1608 1136 in
1653 1075 1909 1150 bruma,
1946 1093 2157 1155 neqve
2200 1075 2351 1136 istae
2380 1074 2569 1138 nives
2595 1074 2799 1136 etiam
2828 1073 3013 1136 circa

614 1175 758 1254 ipsa
787 1175 1172 1238 habitacula
1198 1177 1326 1238 hoc
1354 1195 1532 1238 anno
1559 1175 1873 1238 resolutae
1900 1172 2107 1238 sunt.¹

698 1284 897 1345 Anno
959 1286 1113 1344 1331
1162 1274 1657 1339 *Terraemotus
1712 1275 2008 1354 insignes
2062 1285 2132 1338 et
2201 1274 2655 1337 formidabiles
2702 1274 2887 1348 adeo,
2928 1283 3009 1334 ut

612 1375 850 1438 domus
905 1384 972 1437 et
1002 1375 1283 1438 aedificia
1338 1375 1582 1455 passim
1626 1385 2008 1438 corruerent
2064 1384 2131 1437 et
2176 1383 2351 1436 terra
2408 1371 2659 1436 multis¹
2712 1373 2783 1436 in
2839 1373 3013 1436 locis

607 1475 998 1548 dehisceret,
1041 1472 1266 1555 [atqve
1295 1477 1364 1537 in
1416 1475 1716 1554 rupturis
1742 1475 1891 1538 istis
1918 1469 2109 1556 aqva⁸
2138 1475 2282 1538 visa
2310 1474 2419 1548 sit,
2455 1475 2656 1537 rubra
2684 1483 3009 1554 tauqvam

613 1574 904 1652 sangvis,
929 1594 1079 1654 qvae
1095 1575 1484 1654 pestiferum
1503 1575 1811 1637 foetorem
1822 1575 2166 1638 exhalavit
2180 1574 2561 1637 hominibus
2576 1583 2643 1637 et
2680 1573 3015 1652 jumentis

614 1675 864 1754 pariter
893 1694 970 1737 ac
997 1675 1382 1738 volucribus
1409 1675 1571 1754 ipsis
1599 1675 1935 1738 lethalem.

697 1784 896 1844 Anno
928 1784 1086 1844 1340
1135 1774 1243 1837 *et
1301 1776 1564 1838 duobus
1619 1775 2179 1856 couseqveutibus
2248 1783 2445 1837 sexto
2500 1775 2716 1854 coepit
2772 1774 3013 1837 ardere

615 1894 804 1936 mons
833 1877 1057 1938 Hekla
1097 1873 1453 1956 [horrendo
1474 1874 1795 1939 fremitu.⁴
1836 1878 2008 1938 Item
2031 1895 2220 1938 mons
2241 1871 2757 1954 L6magn1'1pur3
2802 1875 3015 1936 simul

613 1984 682 2037 et
713 1977 880 2038 alter
907 1976 1176 2056 qvidam
1207 1995 1396 2040 mons
1424 1974 1885 2055 Trblladingia
1914 1976 2307 2038 exoneravit
2340 1995 2411 2038 se
2450 1994 2659 2056 usqve
2702 1977 2785 2037 ad
2821 1995 3013 2037 mare

613 2077 790 2155 apud
846 2077 1255 2155 provinciam
1299 2077 1721 2150 maritimam,
1758 2096 1907 2156 qvae
1964 2077 2333 2156 appellatur
2388 2077 2735 2155 Selvogur.
2826 2077 3013 2138 Item

612 2179 1136 2256 promontorium
1169 2177 1548 2254 Reykianes
1575 2178 1727 2256 plus
1773 2177 2051 2239 dimidio
2080 2177 2235 2253 igne
2284 2186 2771 2256 consumptum,
2804 2175 3013 2254 cujus

611 2278 893 2355 vestigia
920 2279 990 2338 in
1021 2287 1250 2357 aperto
1293 2278 1456 2339 mari
1485 2277 1852 2339 etiamnum
1895 2277 2417 2356 conspiciuntur,
2453 2277 2701 2339 excelsi
2744 2278 3013 2355 scopuli

613 2379 856 2440 exinde
900 2378 1062 2440 dicti
1108 2377 1448 2453 Elldeyiar
1503 2375 1676 2458 [sive
1720 2387 1795 2438 ut
1839 2386 2097 2439 veteres
2154 2378 2387 2440 volunt
2434 2377 2689 2439 Driftar
2744 2374 3013 2439 steirn.⁵

615 2479 784 2539 Item
815 2477 1164 2555 Geirfugla
1193 2477 1392 2551 skier‚
1442 2474 1584 2557 [ubi
1616 2477 1870 2557 lapides
1910 2477 2178 2556 plurimi
2229 2477 2449 2539 adhuc
2497 2477 3013 2556 conspiciuntur

613 2573 891 2639 exusti.‘
1003 2576 1255 2642 Eodem
1326 2585 1620 2657 tempore
1691 2577 1945 2639 exarsit
2016 2577 2219 2638 etiam
2291 2596 2479 2639 mons
2550 2577 3013 2640 meridionalis

615 2675 929 2738 Islandiae
977 2676 1173 2754 Sijdu
1199 2675 1430 2753 Jokull
1479 2685 1546 2738 et
1577 2676 1771 2738 multi
1823 2675 1934 2754 alij
1969 2685 2229 2740 montes
2270 2674 2594 2757 [integras
2621 2676 3013 2756 provincias

612 2778 1054 2851 devastantes,
1079 2777 1434 2856 aliqvaudo
1462 2777 1665 2839 etiam
1694 2777 1764 2837 in
1795 2777 1958 2838 mari
1991 2776 2167 2855 iguis
2194 2786 2261 2839 et
2292 2777 2672 2839 incendium
2692 2777 2821 2840 fuit
2843 2796 3007 2839 con-

611 2877 936 2955 spicuum,
972 2885 1040 2938 et
1099 2885 1356 2939 montes
1411 2877 1636 2939 exusti
1695 2897 1733 2938 a
1790 2877 2173 2939 continente
2229 2878 2299 2938 iu
2356 2896 2535 2939 mare
2577 2887 2997 2941 corruerunt.

613 2976 852 3039 Tantae
901 2977 1304 3038 mutationes
1333 2985 1494 3039 tunc
1546 2977 1861 3056 temporis
1890 2978 2055 3040 visae
2099 2977 2357 3040 suntin
2406 2978 2699 3039 Islandia
2748 2979 3003 3040 iucom-

609 3078 900 3157 parabile
929 3077 1402 3140 detrimentum
1431 3077 1671 3139 insulae
1701 3077 2092 3152 adferenteS,
2130 3085 2399 3156 qvautae
2428 3097 2766 3158 nuuqvam
2801 3087 3003 3140 antea

609 3180 888 3257 posthac
919 3197 1256 3257 nuuqvam
1288 3173 1773 3240 resarciendae)¹

691 3287 889 3346 Anno
923 3288 1079 3351 1342
1126 3277 1604 3340 *Gronlandiae
1675 3274 1935 3339 incolae⁸
2006 3296 2043 3337 a
2114 3295 2271 3339 vera
2340 3277 2469 3338 fide
2540 3286 2607 3340 et
2678 3278 3001 3356 religione

611 3379 990 3441 Christiana
1019 3387 1255 3456 sponte
1283 3395 1405 3440 sua
1433 3377 1843 3452 defecerunt,
1881 3385 1947 3438 et
1977 3377 2339 3456 repudiatis
2356 3378 2665 3440 omnibus
2702 3379 3005 3442 honestis

610 3478 904 3540 moribus
950 3486 1147 3556 atqve
1177 3477 1352 3540 veris
1402 3478 1765 3539 virtutibus
1793 3477 1876 3538 ad
1926 3477 2259 3540 Americae
2285 3478 2565 3556 populos
2591 3497 2663 3540 se
2693 3489 2999 3542 convert·

610 3586 827 3638 erunt.
921 3575 1332 3641 Existimant
1381 3577 1559 3638 enim
1587 3573 1880 3656 qvidam⁹
1910 3575 2389 3639 Gronlandiam
2432 3574 2640 3640 adeo¹⁰
2668 3577 3005 3640 vicinam¹¹

607 3696 750 3739 esse
799 3674 1320 3738 occidentalibus
1348 3677 1527 3738 orbis
1572 3675 1973 3754 regionibus,
2066 3677 2169 3738 Ac
2197 3677 2351 3738 inde
2381 3677 2632 3739 factum
2664 3687 2783 3752 est,
2821 3681 3001 3758 qvod

612 3775 974 3840 Christiani
1048 3795 1085 3837 a
1158 3775 1629 3840 Gronlandicis
1700 3775 2242 3854 navigationibus
2311 3776 2741 3841 abstinerent.
2885 3780 3003 3843 Ab

609 3876 901 3939 Islandia
929 3895 1162 3938 versus
1202 3874 1604 3957 [aqvilonem
1643 3875 2021 3952 (nardaust)
2056 3885 2121 3938 et
2150 3895 2187 3936 a
2232 3875 2644 3939 Grbnlandia
2693 3879 3004 3942 similiter

607 3979 737 4040 sita
795 3995 938 4039 esse
996 3972 1331 4039 ereditur¹¹
1401 3976 1606 4054 regie,
1682 3995 1835 4054 quae
1906 3976 2277 4054 appellatur
2344 3979 2380 4052 J
2386 3976 2722 4053 btnaland,
2772 3975 3001 4058 [alijs¹³

606 4076 1178 4152 Trollbotnaland,
1228 4073 1441 4156 [qvasi
1473 4077 1824 4154 gigantum
1857 4085 2029 4137 terra
2060 4085 2175 4137 aut
2214 4077 2553 4155 sylphium
2598 4087 2715 4140 aut
2758 4079 2997 4141 monti·

607 4174 974 4241 colarum.¹⁴
1061 4180 1255 4238 Hanc
1325 4173 1693 4256 [nationem
1741 4175 1931 4238 multi
1991 4176 2149 4237 olim
2205 4176 2491 4239 invisere
2548 4185 2615 4238 et
2670 4180 3001 4258 speculari

607 4273 1056 4356 sategerunt¹⁶‚
1094 4277 1269 4338 inter
1296 4295 1460 4355 qvos
1490 4276 1869 4350 Gormerus,
1908 4272 2048 4355 [ille
2072 4275 2571 4356 antiqvissimus
2587 4296 2709 4340 rex
2735 4279 2991 4354 Daniae,

607 4377 714 4455 cuj
772 4396 923 4438 cum
952 4376 1154 4454 socijs
1197 4385 1264 4438 et
1294 4376 1532 4454 legatis
1581 4375 1722 4438 suis
1752 4376 2096 4454 negotium
2146 4377 2273 4437 hoc
2318 4377 2673 4440 admodum
2722 4378 2993 4442 sinistre

605 4473 847 4540 cessit¹‘
899 4477 1096 4556 idqve
1153 4485 1422 4556 propter
1478 4476 1853 4538 imbriferas
1910 4495 1985 4537 ac
2042 4475 2508 4538 immoderatas
2564 4486 2993 4557 tempestates

604 4578 941 4655 multaqve
1011 4577 1141 4638 alia
1208 4577 1699 4656 impedimenta.
1836 4575 2174 4638 Haraldus
2214 4572 2471 4655 [postea
2516 4577 2997 4655 cognomento¹'
