3242 5684
1008 584 1501 638 ANNALIUM
1524 583 1818 637 FARRA
1827 584 1934 638 oo
2621 591 2661 648 9

264 773 609 834 vesperam
640 756 849 835 pridie
882 756 1344 818 Festivitatem
1374 755 1692 819 Omnium
1723 757 2120 819 Sanctorum
2149 755 2292 818 visa
2321 762 2422 816 est
2469 753 2660 816 nobis

267 854 508 933 ingens
536 856 820 917 flammae
849 856 1111 934 eruptio
1154 877 1241 917 ex
1286 856 1547 934 alpibus
1590 855 2040 917 orientalibus,
2135 854 2460 916 Postridie
2505 872 2662 915 vero

268 973 468 1016 arena
500 956 793 1035 cinisqve
823 966 1216 1018 exustorum
1247 956 1542 1034 lapidum
1572 955 1793 1017 omnia
1823 955 2330 1034 circumqvaqve
2357 954 2658 1030 denigra-

269 1063 452 1118 runt.
544 1056 781 1118 Auditi
812 1066 968 1117 sunt
1001 1057 1296 1134 fragores
1328 1059 1776 1126 vehementeS,
1811 1056 2036 1134 qvales
2089 1055 2225 1116 fere
2255 1057 2468 1115 solent
2519 1072 2660 1115 esse

271 1156 634 1217 multorum
666 1156 1057 1218 tonitruum.
1154 1155 1447 1220 *Eodem
1480 1175 1654 1216 anno
1684 1156 1856 1216 circa
1889 1156 2189 1216 brumam
2218 1155 2287 1215 in
2319 1154 2660 1232 provincia

270 1256 603 1317 maritima
673 1257 1122 1318 meridionalis
1180 1256 1514 1330 Islandiae‚
1566 1254 2015 1331 Eyrarbacka,
2066 1263 2489 1333 conspectum
2559 1262 2660 1316 est

270 1365 639 1416 monstrum
684 1364 799 1418 aut
831 1364 1130 1417 creatura
1155 1356 1482 1416 maritima
1513 1355 1798 1434 speciem
1841 1352 2093 1434 [eqvini
2124 1351 2312 1432 pulli¹
2343 1354 2654 1424 referens.

280 1451 524 1534 [cauda
566 1457 729 1517 satis
770 1454 1131 1534 promissa²,
1168 1475 1317 1535 qvae
1361 1456 1603 1534 passim
1649 1455 1895 1516 dictam
1958 1455 2369 1534 provinciam
2444 1452 2658 1534 [pera-

270 1551 544 1632 gravit.³

363 1664 522 1724 1604
566 1659 692 1718 Dn.
732 1652 1222 1730 Gudbrandus⁴,
1259 1656 1604 1734 episcopus
1651 1655 1986 1728 HolensiS,
2023 1655 2366 1717 annotavit
2399 1655 2660 1716 duobus

269 1755 576 1833 proxime
598 1757 885 1818 evolutis
913 1756 1105 1818 annis
1121 1756 1189 1817 in
1216 1755 1685 1832 Skagafiardar
1705 1756 1888 1830 sffslu
1912 1755 2331 1832 octingentos
2361 1754 2660 1816 homines

272 1855 448 1917 fame
492 1867 558 1917 et
590 1857 836 1935 frigore
882 1865 1201 1930 mortum,
1242 1856 1574 1934 fuisseqve
1627 1855 1837 1916 multo
1867 1856 2090 1932 plures
2119 1855 2494 1928 morituros,
2532 1855 2656 1916 nisi

274 1957 599 2017 Dominus
627 1976 871 2034 penum
900 1975 1087 2018 suam
1117 1956 1418 2034 aperiens
1448 1964 1582 2017 tres
1612 1974 1888 2032 magnos
1929 1955 2142 2033 pisces
2171 1965 2237 2016 et
2282 1955 2656 2018 innumera-

269 2056 469 2117 bilem
529 2057 664 2118 fere
723 2058 1019 2118 focatum
1063 2056 1561 2117 multitudinem
1606 2055 1931 2116 famelicae
1973 2055 2147 2133 plebi
2204 2055 2660 2117 sustentandae

272 2156 579 2219 misisset.
672 2157 871 2218 Anno
920 2158 1148 2218 eodem
1200 2156 1374 2217 circa
1426 2156 1762 2216 Kalendas
1812 2153 2154 2232 Februarij
2203 2156 2659 2217 habitaculum

269 2258 536 2321 Steinar
564 2259 783 2318 adhuc
814 2275 946 2318 una
975 2257 1119 2319 vice
1148 2277 1235 2317 ex
1266 2256 1510 2317 montis
1538 2256 1731 2316 ruina
1761 2255 2276 2333 periclitabatur,
2315 2264 2380 2317 et
2424 2256 2660 2333 ingens

273 2359 507 2419 vitium
552 2361 634 2418 ab
684 2357 1073 2420 occidentali
1124 2356 1493 2435 praesertim
1540 2366 1727 2433 parte
1778 2355 2136 2416 contraxit.
2231 2357 2481 2417 Praeter
2529 2356 2658 2417 alia

270 2477 511 2520 saxum
541 2458 871 2535 qvoddam
900 2476 988 2517 ex
1041 2464 1263 2518 monte
1294 2456 1784 2534 praecipitatum
1835 2457 2106 2516 domum
2137 2464 2315 2516 recta
2364 2455 2658 2518 violento

271 2559 525 2636 impetu
556 2557 892 2618 ferebatur
940 2564 1007 2618 et
1036 2557 1405 2636 superiores
1457 2554 1990 2633 contignationes
2030 2555 2233 2617 trium
2283 2557 2649 2631 domorum,

272 2659 341 2719 in
371 2658 611 2737 qvibus
641 2657 948 2718 utensilia
977 2657 1213 2717 domus
1242 2655 1717 2735 domesticiqve
1748 2655 1872 2734 ipsi
1925 2657 2296 2730 manebant,
2336 2675 2467 2718 uno
2517 2657 2656 2718 ictu

276 2757 652 2819 transiliens
694 2757 923 2831 diruit,
960 2765 1025 2818 et
1070 2756 1165 2818 sic
1194 2774 1309 2834 per
1352 2755 1792 2818 coemiterium
1835 2755 1904 2815 in
1948 2755 2165 2834 ipsum
2210 2758 2529 2834 templum
2573 2759 2655 2818 ad

272 2867 664 2935 suggestum
693 2877 899 2936 usqve
927 2856 1123 2918 obvia
1152 2875 1453 2936 qvaeqvae
1480 2856 1859 2917 diminuens
1887 2857 2280 2933 penetravit.
2374 2859 2659 2918 Putatur

275 2969 497 3019 autem
555 2966 762 3018 tantae
806 2977 946 3019 esse
1003 2956 1487 3035 magnitudinis
1530 2956 1832 3035 tantiqve
1888 2956 2218 3033 ponderiS,
2258 2965 2332 3017 ut
2398 2976 2469 3016 12
2530 2956 2656 3017 viri

274 3058 597 3119 machinis
624 3059 770 3119 loco
800 3076 1060 3119 movere
1089 3065 1353 3136 qveant.
1448 3057 1505 3118 Ο
1538 3054 1941 3134 Exemplum
1975 3055 2239 3116 Divinae
2288 3056 2657 3117 clementiae

204 3207 223 3216 ,
273 3159 789 3231 memorandum,
825 3158 997 3236 qvod
1030 3157 1331 3218 homines
1358 3155 1535 3232 ipsos
1566 3174 1647 3215 ne
1687 3154 2022 3216 tantillum
2054 3154 2318 3232 qvidem
2369 3155 2613 3216 laeserit
2642 3157 2655 3218 Ξ

355 3267 552 3327 Anno
587 3265 743 3326 1605
790 3257 860 3317 in
879 3257 1192 3334 Augusto
1219 3255 1328 3315 die
1346 3254 1694 3315 Dominico
1723 3254 1970 3314 decidit
1995 3261 2188 3330 gutta
2217 3255 2560 3332 sangvinis
2588 3255 2658 3316 in

272 3378 541 3421 manum
571 3355 1052 3419 concionatoris
1094 3358 1219 3417 Dn.
1259 3354 1447 3415 Pauli
1480 3350 1760 3418 Erasmi⁵
1801 3353 2218 3428 Skalholtiae,
2256 3354 2416 3416 dum
2473 3375 2657 3417 sacra

270 3466 613 3537 perageret
670 3457 738 3516 in
796 3465 1134 3533 suggesto.
1228 3457 1400 3516 Item
1460 3455 1647 3516 visus
1702 3455 1959 3515 est-sol
2018 3455 2262 3515 rubeus
2319 3462 2384 3516 et
2429 3455 2658 3518 nativo

269 3558 617 3636 splendore
645 3555 1009 3617 destitutus
1054 3555 1138 3616 ab
1168 3555 1328 3615 hora
1386 3563 1579 3616 sexta
1610 3553 1954 3632 vesperina
2012 3554 2092 3615 ad
2125 3573 2365 3615 nonam
2424 3574 2650 3634 usqve.

273 3657 473 3719 Anno
530 3657 758 3717 eodem
828 3655 898 3716 in
970 3654 1331 3717 Februario
1398 3654 1628 3716 scribit
1704 3657 1861 3716 DnS.
1926 3652 2344 3731 Snaebjorno⁸
2414 3658 2658 3719 multos

274 3757 573 3818 homines
602 3757 725 3816 hac
756 3757 991 3831 hyeme
1020 3755 1089 3816 in
1120 3752 1652 3832 Trekillerswijk
1681 3754 2027 3816 subitanea
2059 3764 2270 3817 morte
2301 3774 2422 3818 ceu
2451 3757 2658 3834 pestis

272 3858 555 3937 quadam
578 3856 793 3935 specie
815 3854 1056 3933 obijsse
1080 3863 1146 3916 et
1175 3855 1426 3934 aliqvot
1456 3855 1837 3917 habitacula
1867 3873 2136 3933 prorsus
2165 3856 2458 3917 desolata
2487 3876 2650 3918 esse.

272 3957 550 4020 Accedit
610 3966 832 4018 autem
890 3957 1157 4016 morbus
1212 3974 1329 4034 per
1384 3955 1675 4035 deliquia
1734 3963 1800 4016 et
1846 3955 2090 4017 virium
2149 3955 2504 4030 defectum,
2541 3956 2656 4034 qui

272 4058 500 4138 primis
529 4066 862 4118 extremos
891 4055 1137 4134 digitos
1166 4065 1439 4118 enervat
1471 4065 1668 4135 atqve
1699 4056 1942 4116 exinde
1987 4062 2204 4116 totum
2235 4072 2473 4132 corpus
2514 4073 2655 4134 per-

270 4167 463 4228 meat,
498 4157 709 4219 donec
764 4158 1028 4217 tandem
1059 4155 1347 4216 animam
1405 4175 1443 4216 a
1472 4174 1743 4234 corpore
1803 4154 1982 4215 molli
2027 4153 2305 4232 sospirio
2364 4171 2486 4214 ceu
2541 4172 2659 4232 per

270 4277 575 4320 somnum
630 4265 880 4318 evocet.
975 4256 1397 4317 Decumbunt
1454 4254 1564 4331 alij
1623 4254 1798 4316 diem
1857 4253 2226 4314 naturalem
2286 4271 2494 4314 unum
2551 4255 2657 4316 vel

271 4361 575 4431 alterum,
610 4355 722 4433 alij
766 4374 837 4416 12
870 4356 1181 4416 horarum
1210 4355 1456 4433 spaci0,
1492 4353 1603 4431 alij
1663 4372 1744 4414 ne
1776 4354 2004 4413 horam
2055 4352 2339 4432 qvidem.
2432 4355 2657 4416 Unum

269 4457 724 4521 habitaculum
753 4455 822 4516 in
855 4457 1204 4534 Neshrepp
1233 4456 1359 4516 hoc
1386 4456 1657 4515 modum
1684 4453 2055 4514 desolatum
2101 4463 2222 4527 est,
2259 4453 2541 4515 alterum
2587 4456 2657 4516 in

274 4554 694 4623 Grunnavik.
786 4555 1031 4619 Scribit
1090 4555 1292 4617 etiam
1350 4554 1752 4618 Saemundus
1807 4549 2070 4614 Arneri⁷
2146 4571 2243 4631 23.
2309 4553 2650 4633 Februarij
