3242 5684
526 517 609 580 70
1488 515 1952 571 JsLANDJCA

528 685 1023 749 distinctionem
1042 685 1250 747 rauda
1281 695 1772 766 nuncuperunt,
1799 686 1951 766 qvia
1975 705 2312 767 nunqvam
2333 697 2589 751 tantam
2607 690 2930 752 duritiem

528 785 863 864 acqvirere
921 794 1199 866 poterat,
1236 795 1547 866 qvantam
1605 787 1807 848 habet
1843 786 2092 848 ferrum
2150 787 2582 867 importatum
2625 810 2713 851 ex
2771 790 2932 868 alijs

530 885 933 963 regionibus,
968 885 1131 947 satis
1160 885 1325 947 alias
1354 885 1573 948 habile
1626 886 1706 946 ad
1751 886 2190 948 instrumenta
2234 888 2488 966 qvaevis
2529 889 2918 952 domestica.

534 987 817 1048 Putatur
876 985 985 1048 hic
1040 1004 1297 1066 qvoqve
1354 985 1554 1046 simili
1614 987 1812 1048 modo
1867 985 2166 1049 habitare
2224 1006 2526 1066 cuprum,
2576 998 2924 1064 stannum,

529 1096 901 1166 argentum,
937 1086 1042 1148 vel
1100 1085 1299 1148 etiam
1357 1085 1577 1164 ipsum
1635 1104 1891 1160 aurum,
1929 1085 2124 1163 cujus
2180 1087 2274 1149 rei
2329 1088 2511 1150 nulla
2555 1089 2718 1150 mihi
2763 1099 2926 1152 sunt

530 1186 929 1260 testimonia,
976 1185 1103 1246 nisi
1162 1186 1335 1264 qvod
1386 1203 1551 1246 saxa
1608 1186 1911 1265 qvaedam
1968 1195 2034 1248 et
2092 1187 2541 1265 promontoria
2597 1189 2926 1268 liqvorem

530 1287 878 1368 qvendam‚
914 1285 1061 1347 istis
1090 1285 1376 1347 metallis
1407 1284 1579 1347 forte
1608 1293 1847 1347 natura
1879 1295 2238 1364 cognatum
2267 1295 2334 1348 et
2365 1288 2581 1350 colore
2624 1290 2926 1369 persimi-

528 1387 679 1460 lem,
714 1386 962 1448 stillare
993 1385 1321 1458 videntur,
1359 1402 1553 1464 qvem
1583 1385 1806 1462 potius
1834 1403 2105 1447 succum
2150 1395 2266 1448 aut
2327 1386 2520 1448 flores
2577 1389 2929 1468 sulphuris

528 1507 671 1550 esse
694 1495 1016 1566 putarem,
1044 1493 1117 1546 ut
1138 1485 1206 1544 in
1227 1486 1353 1546 hac
1374 1484 1648 1546 australi
1667 1493 1856 1563 parte
1881 1486 2505 1565 Krysevykurberg,
2534 1489 2926 1564 Haaleyiar,

532 1584 1109 1658 Huammshoffde,
1164 1579 1529 1660 Pyrilskliff
1571 1584 1852 1646 notoria.
1977 1585 2227 1647 Deinde
2287 1586 2574 1648 friabilia
2618 1589 2926 1667 qvaedam

531 1687 689 1750 olim
742 1693 1059 1763 usurpata
1090 1684 1355 1746 fuerant
1406 1693 1651 1763 praeter
1677 1685 2034 1763 superiora,
2072 1685 2225 1764 qvia
2276 1688 2480 1748 salem
2511 1687 2620 1749 hic
2649 1707 2930 1766 appara-

531 1796 675 1849 tum
703 1805 847 1848 esse
876 1792 1209 1846 testantur
1236 1785 1378 1845 loca
1422 1784 1575 1845 inde
1603 1784 2028 1846 denominata
2077 1785 2506 1848 saltbrennur.
2601 1789 2930 1866 Naphtha

531 1906 787 1966 qvoqve
809 1894 875 1947 et
906 1884 1249 1946 succinum
1274 1882 1639 1957 bituminiS,
1665 1883 1855 1946 bolus
1877 1903 2203 1959 armenm,
2235 1894 2429 1961 terra,
2455 1906 2650 1964 qvam
2682 1898 2929 1950 vocant

530 1987 840 2049 lemniam
870 2004 946 2046 ac
975 1984 1269 2057 samiam,
1304 1983 1524 2046 omnia
1556 1984 1666 2045 hic
1695 1985 1761 2044 in
1791 1984 2072 2046 diversis
2100 1985 2262 2046 locis
2283 1986 2503 2048 enasci
2535 1989 2925 2063 creduntur,

532 2105 808 2166 qvorum
852 2085 1053 2147 etiam
1099 2103 1261 2147 usus
1300 2091 1401 2145 est
1446 2067 1644 2144 hodie
1688 2083 2093 2145 admirabilis
2135 2084 2204 2145 in
2248 2085 2527 2147 officinis
2585 2087 2930 2149 fabrorum

530 2188 975 2259 ferrariorum,
1013 2204 1148 2245 moo
1176 2183 1509 2244 communi
1542 2183 1807 2245 nomine
1837 2183 2248 2263 appellitant,
2286 2185 2699 2248 diversorum
2751 2188 2924 2249 colo—

532 2306 699 2350 rum.
753 2288 983 2364 Neqve
1007 2284 1169 2345 mihi
1200 2287 1391 2362 plura
1409 2283 1491 2344 de
1522 2282 1806 2344 metallis
1828 2283 1994 2344 bene
2015 2293 2322 2346 constant
2353 2294 2469 2346 aut
2494 2297 2921 2350 succurrunt.

614 2410 995 2483 Capitulum
1026 2409 1235 2468 XXX.
1321 2398 1605 2478 Lapides
1645 2407 1712 2460 et
1765 2417 2058 2478 gemmas
2108 2401 2218 2462 hic
2267 2402 2616 2479 provenire
2665 2413 2926 2465 certum

530 2511 653 2576 est,
689 2501 988 2580 qvamvis
1036 2500 1103 2560 id
1136 2499 1340 2560 ferme
1386 2499 1696 2560 omnibus
1723 2499 1958 2560 incolis
2009 2501 2304 2562 nondum
2334 2501 2649 2564 innotuit.
2745 2505 2926 2566 Casu

530 2603 708 2665 enim
736 2602 1018 2679 qvodam
1042 2599 1509 2677 repperiuntur
1538 2599 1826 2672 corallia,
1858 2600 2252 2673 haematiteS,
2289 2601 2641 2676 cristalluS,
2675 2603 2924 2678 aetiteS,

528 2705 689 2766 item
748 2700 965 2762 silices
1021 2697 1330 2775 igniferae
1385 2717 1461 2760 ac
1518 2696 1962 2760 alabastritis¹
2019 2719 2095 2761 ac
2142 2701 2324 2762 velut
2371 2701 2561 2763 micae
2605 2703 2916 2781 qvaedam

531 2801 901 2866 adamantis
928 2798 1285 2872 durissimi,
1318 2798 1539 2859 forsan
1569 2799 1771 2860 etiam
1793 2800 2016 2877 plures
2038 2800 2310 2878 lapides,
2337 2820 2616 2879 qvorum
2648 2803 2926 2865 nomina

528 2914 594 2968 et
628 2904 882 2966 valores
911 2900 1073 2961 mihi
1104 2907 1259 2961 suut
1301 2899 1722 2976 ignotissimi.
1815 2897 1973 2960 Fuit
2003 2901 2266 2978 qvidem
2312 2900 2584 2962 foemina
2613 2902 2682 2968 in
2725 2903 2927 2982 plaga

530 3002 835 3068 orientali
882 3000 1209 3072 habitans,
1246 2998 1409 3059 mihi
1452 3007 1716 3060 tantum
1760 3018 1796 3058 a
1843 2999 2012 3060 facie
2057 3008 2234 3074 nota,
2271 3001 2432 3061 dum
2475 3019 2640 3080 puer
2682 3021 2920 3078 essem,

535 3103 777 3167 Purida
822 3100 1105 3173 nomine,
1143 3119 1292 3178 qvae
1321 3098 1580 3178 lapillos
1623 3116 1741 3160 seu
1781 3117 2074 3174 gemmas
2119 3101 2498 3162 asservabat
2543 3110 2608 3162 et
2655 3110 2924 3165 tantum

530 3224 663 3267 non
713 3202 918 3264 coluit
950 3209 1026 3261 ut
1078 3201 1467 3261 thesaurum
1496 3207 1562 3259 et
1614 3198 2090 3276 possessionem
2133 3200 2726 3277 praeciosissimam,
2763 3223 2916 3280 qvae

529 3311 909 3367 constanter
961 3299 1319 3362 referrebat
1348 3297 1609 3376 lapillos
1658 3298 1782 3359 sibi
1813 3298 1882 3358 in
1931 3299 2255 3374 gremium
2285 3319 2374 3360 ex
2415 3299 2564 3362 a'e‘re
2594 3302 2924 3380 delap503,

529 3406 690 3466 dum
719 3402 903 3474 alios,
940 3418 1101 3479 qvos
1133 3399 1415 3460 habebat
1446 3399 1710 3472 multos,
1745 3397 1869 3458 soli
1899 3408 2262 3475 exponeret
2294 3407 2360 3460 et
2391 3418 2703 3477 generare
2733 3421 2923 3480 qvos·

531 3505 683 3565 dam
714 3519 845 3562 non
875 3499 1208 3560 dubitavit
1240 3516 1546 3560 asserere.
1641 3498 1772 3561 Sed
1801 3506 1949 3576 post
1981 3496 2128 3574 ejus
2156 3507 2436 3561 mortem
2486 3501 2804 3576 haeredeS,
2845 3511 2924 3564 ut

531 3603 624 3664 rei
657 3599 999 3678 lapidariae
1028 3597 1363 3674 segniores
1392 3599 1698 3671 cultoreS,
1736 3598 2019 3670 eosdem,
2058 3599 2279 3659 nescio
2309 3601 2655 3677 qvomod0‚
2685 3601 2922 3681 dilapi-

524 3703 843 3764 daverant
890 3697 1073 3768 ade0,
1128 3706 1199 3757 ut
1247 3696 1503 3758 nullum
1548 3697 1927 3772 vestigium,
1979 3699 2151 3776 qvod
2197 3699 2634 3761 demonstrari
2680 3703 2918 3779 possit,

529 3801 853 3876 reliqvum
884 3797 992 3857 sit.
1087 3796 1290 3856 Hisce
1320 3794 1528 3855 oculis
1552 3796 1903 3873 aliqvando
1933 3797 2070 3858 vidi
2103 3806 2299 3876 atqve
2329 3808 2646 3877 expertus
2674 3819 2821 3862 sum
2854 3802 2928 3862 in·

527 3898 813 3981 pueritia
866 3915 1027 3969 mea,
1066 3896 1225 3956 dum
1272 3895 1398 3955 iter
1429 3895 1711 3956 facerem
1762 3913 1912 3957 cum
1943 3907 2212 3974 parente
2246 3917 2390 3959 meo
2434 3909 2497 3959 et
2545 3900 2670 3960 ioci
2706 3902 2928 3977 gratia

526 4021 677 4065 cum
709 4000 911 4060 fratre
943 3997 1160 4057 adhuc
1189 3995 1543 4074 superstite
1574 3995 1823 4073 lapides
1853 3997 2235 4072 grandiores
2265 4007 2330 4058 et
2361 4017 2525 4059 saxa
2544 4000 2923 4078 effringere·

529 4122 695 4176 muS,
733 4111 1045 4177 tanqvam
1104 4097 1326 4158 ovain
1385 4096 1642 4157 lacunis
1671 4095 1809 4156 suis
1867 4115 1987 4157 ceu
2021 4096 2266 4158 nidulis
2323 4097 2724 4161 intrinsecus
2768 4120 2922 4163 con-

528 4205 760 4274 tinere,
786 4217 1064 4278 qvorum
1083 4197 1194 4275 alij
1219 4198 1463 4270 album,
1488 4196 1809 4274 pallidum
1841 4195 1976 4272 alij,
2014 4196 2125 4274 alij
2162 4197 2472 4271 mixtum,
2510 4198 2620 4276 alij
2656 4200 2927 4278 qvidem

528 4299 931 4382 pellucidum
991 4308 1104 4360 aut
1135 4299 1340 4358 altera
1397 4307 1583 4375 parte
1629 4305 1889 4357 tantum
1949 4297 2428 4358 translucidum
2487 4299 2918 4364 referrebant.

530 4404 672 4463 Nos
728 4417 883 4460 vero
916 4406 989 4458 ut
1049 4399 1263 4475 ignari
1297 4398 1463 4458 nihil
1522 4399 1757 4458 horum
1788 4397 2305 4470 observavimus,
2341 4397 2455 4458 sed
2516 4401 2617 4460 vel
2663 4399 2731 4460 in
2776 4402 2934 4462 luto

597 4549 615 4582 1
628 4547 802 4598 Thus.
