3242 5684
565 637 644 696 26
1519 643 1989 700 ISLANDICA

558 817 872 881 maximis
899 815 1295 897 fragoribuS,
1332 818 1558 896 qvales
1585 825 1745 878 sunt
1774 817 1879 879 vel
1910 815 2191 878 tonitrui
2220 817 2329 878 vel
2358 818 2721 880 multarum
2764 817 2939 879 bom-

555 919 910 982 bardarum
947 915 1276 996 plumbeis
1303 915 1589 978 molibus
1638 924 1705 978 et
1734 917 2009 996 pulvere
2058 917 2490 979 tormentatio
2516 936 2659 980 sese
2702 937 2941 980 exone·

557 1019 870 1092 rantium,
905 1017 1072 1080 adeo
1101 1025 1174 1078 ut
1207 1016 1406 1078 tellus
1427 1015 1939 1098 circumqvaqve
1969 1016 2039 1078 in
2086 1009 2355 1090 vicinia,
2390 1017 2941 1098 qvemadmodum

558 1121 626 1182 in
657 1117 1146 1182 terraemotibus
1173 1115 1314 1178 fieri
1343 1115 1533 1190 solet,
1570 1124 1850 1179 tremere
1880 1126 1947 1178 et
1976 1117 2243 1178 concuti
2288 1117 2628 1180 videretur
2656 1141 2671 1192 ;
2718 1135 2941 1198 qvam·

555 1220 660 1284 vis
715 1238 754 1280 a
784 1218 1048 1280 flamma
1103 1234 1237 1278 non
1267 1215 1394 1278 nisi
1451 1215 1755 1278 cominus
1782 1215 1979 1296 idqve
2036 1226 2241 1278 noctu
2268 1225 2335 1279 et
2366 1217 2632 1298 qvidem
2660 1218 2944 1280 obscuro

556 1321 708 1384 aEre
763 1326 1164 1391 cerneretur,
1215 1326 1436 1378 tamen
1495 1315 1793 1394 fragores
1836 1315 1945 1378 isti
2004 1317 2285 1390 eminus,
2321 1317 2517 1396 longe
2566 1317 2838 1397 latiqve,
2874 1317 2941 1378 in

553 1437 782 1483 omnes
845 1418 1084 1480 insulae
1125 1415 1428 1478 cardines
1482 1415 1679 1478 statis
1740 1416 2149 1495 temporibus
2188 1426 2346 1479 sunt
2404 1417 2731 1491 exauditi,
2782 1417 2945 1479 alias

555 1520 821 1600 qvidem
868 1515 1413 1590 vehementioreS,
1449 1516 1614 1578 alias
1647 1535 1803 1578 vero
1856 1517 2279 1591 remissiores,
2316 1517 2479 1580 alias
2507 1518 2779 1597 penitus
2827 1537 2943 1597 per

551 1618 900 1682 intervalla
959 1616 1396 1698 quieverunt3
1443 1616 1673 1678 favilla
1729 1625 1951 1678 autem
1992 1633 2111 1678 seu
2167 1617 2336 1679 cinis
2391 1618 2753 1681 ascendens
2810 1638 2941 1680 non

553 1721 768 1783 solum
819 1727 1111 1779 montem
1139 1716 1358 1794 ipsum
1415 1716 1562 1796 (qvi
1593 1715 1759 1777 alias
1804 1717 1986 1796 alpes
2008 1717 2162 1780 nive
2190 1718 2514 1780 obductas
2544 1719 2935 1794 aemulatur)

551 1820 823 1901 penitus
849 1817 1071 1880 abruit
1098 1826 1166 1879 et
1195 1816 1594 1895 denigravit,
1632 1835 1863 1878 verum
1914 1816 2115 1879 etiam
2144 1817 2215 1878 in
2262 1818 2507 1879 nubem
2536 1827 2809 1880 coactus
2857 1820 2939 1880 ad

549 1921 694 1984 loca
713 1917 1169 1990 remotissima,
1197 1925 1396 1996 prout
1416 1916 1602 1978 venti
1648 1915 1999 1990 flaverunt,
2021 1916 2463 1992 deferebatur,
2500 1918 2615 1980 ubi
2652 1917 2939 1998 primum

554 2039 675 2083 ceu
693 2019 922 2096 pluvia
937 2017 1158 2082 tenuis
1179 2016 1522 2096 aeqvaliter
1543 2014 1695 2078 aere
1719 2035 1951 2094 nempe
1972 2017 2332 2097 tranquillo
2349 2027 2415 2080 et
2432 2037 2471 2078 a
2500 2017 2719 2080 ventis
2746 2019 2937 2080 silen-

554 2130 620 2185 te
642 2118 1003 2182 descendit.
1055 2116 1482 2178 Postmodum
1502 2115 1572 2178 vi
1590 2125 1943 2178 ventorum
1974 2116 2185 2178 instar
2212 2117 2387 2180 nivis
2415 2118 2691 2180 siccaein
2712 2137 2936 2180 cumu-

424 2265 436 2272 -
550 2223 650 2284 los
680 2221 1042 2299 cogebatur
1069 2226 1136 2279 et
1165 2218 1611 2290 excrescebat,
1650 2215 1809 2295 qvin
1840 2216 2039 2278 etiam
2090 2217 2305 2278 lucem
2334 2217 2643 2281 diurnam
2694 2217 2938 2280 alicubi

550 2321 645 2383 ita
687 2318 1088 2397 intercoepit,
1125 2326 1200 2378 ut
1230 2317 1535 2378 tenebras
1583 2318 1933 2396 plusqvam
1963 2326 2323 2378 nocturnas
2368 2318 2935 2396 superinduxerit.

550 2421 956 2483 Habitacula
983 2419 1233 2497 aliqvot
1255 2416 1474 2478 vicina
1503 2417 1741 2478 incolae
1764 2425 2012 2478 terrore
2034 2418 2437 2479 consternati
2460 2419 2897 2480 deseruerunt
2922 2441 2936 2492 ;

549 2520 873 2601 siqvidem
923 2518 1124 2580 etiam
1181 2535 1340 2579 oves
1405 2517 1735 2595 bovesqve
1792 2517 2107 2579 lactardae
2169 2518 2539 2596 praesertim
2582 2537 2619 2579 a
2678 2518 2941 2597 pabulis

546 2620 815 2682 infectis
871 2628 1186 2696 tanqvam
1242 2616 1482 2678 amaris
1537 2625 1604 2677 et
1663 2615 1919 2678 nocivis
1966 2617 2453 2680 abstinuerunt.
2545 2619 2936 2699 Qvanqvam

549 2731 772 2783 autem
831 2716 1291 2780 exhalationes
1346 2716 1494 2776 istae
1551 2715 1749 2793 ignis,
1806 2715 1973 2778 fumi
2031 2727 2097 2778 et
2157 2716 2535 2780 favillarum
2592 2719 2937 2781 accedente

428 2892 436 2900 ο
551 2824 789 2898 hyeme
839 2819 1126 2880 multum
1175 2817 1424 2878 sedatae
1471 2825 1651 2890 sunt,
1688 2825 1929 2878 exusta
1973 2817 2286 2879 nimirum
2332 2827 2399 2880 et
2420 2818 2770 2880 deficiente
2824 2821 2936 2897 (ut

548 2920 886 3001 probabile
937 2917 1074 2995 est)
1129 2917 1401 2979 materia
1442 2915 1511 2977 in
1564 2915 1809 2977 montis
1836 2917 2137 2978 cavernis
2185 2917 2543 2995 ignivoma,
2580 2927 2803 2980 tamen
2855 2919 2935 2980 ad

549 3021 705 3083 anni
734 3017 1085 3099 praesentis
1120 3021 1274 3096 1⁶37
1305 3015 1667 3096 primordia
1696 3025 1763 3077 et
1794 3026 2268 3096 conseqventer
2296 3019 2379 3079 ad
2411 3037 2689 3080 vernum
2730 3037 2937 3099 usqve

548 3131 831 3200 tempus,
869 3120 1022 3181 licet
1053 3118 1352 3190 rariores,
1389 3125 1840 3196 apparuerunt
1871 3135 2003 3178 non
2042 3117 2258 3179 solum
2288 3118 2357 3178 in
2391 3127 2612 3180 monte
2642 3119 2787 3198 ipso
2821 3120 2933 3181 sed

546 3222 748 3284 etiam
777 3221 845 3281 in
878 3219 1141 3282 vicinia.
1237 3219 1437 3279 Nunc
1466 3225 1689 3278 autem
1715 3215 1837 3277 Dei
1867 3216 2307 3278 misericordis
2330 3219 2822 3298 dispensatione
2843 3220 2937 3280 ita

545 3322 1045 3394 deferbuerunt,
1082 3327 1156 3381 ut
1188 3317 1595 3397 aliqvamdiu
1627 3335 1759 3377 non
1790 3316 1925 3378 sint
1956 3336 1993 3377 a
2024 3317 2215 3380 nobis
2237 3317 2735 3381 animadversae.

629 3421 874 3483 *Anno
910 3423 1068 3498 1636
1099 3418 1300 3497 coepit
1331 3418 1599 3478 morbus
1628 3417 2047 3494 pustularum
2078 3417 2314 3480 falcem
2357 3437 2547 3480 suam
2576 3419 2819 3481 iterum
2864 3419 2932 3480 in

543 3519 921 3600 juventutis
949 3527 1196 3580 nostrae
1223 3526 1512 3594 segetem
1562 3515 1944 3592 immittere,
1980 3535 2386 3598 messemqve
2435 3538 2568 3580 non
2600 3538 2815 3580 raram
2863 3519 2933 3580 in

546 3621 762 3682 media
812 3619 1016 3681 herba
1051 3618 1162 3693 (ut
1205 3616 1488 3688 dicitur)
1523 3615 1847 3691 decidere,
1884 3617 2047 3679 viris
2074 3618 2275 3679 etiam
2304 3619 2759 3698 optimatibuS,
2795 3621 2927 3699 qvi,

545 3722 706 3783 dum
757 3718 1114 3781 novissime
1144 3715 1387 3778 abhinc
1445 3718 1716 3780 morbus
1766 3717 1890 3778 iste
1934 3717 2201 3780 saeviret
2258 3719 2452 3780 annis
2502 3729 2681 3782 retro
2738 3738 2813 3796 19
2865 3720 2932 3781 in

545 3819 816 3894 exteris,
865 3817 1216 3895 degebant,
1273 3816 1632 3894 paucisqve
1682 3816 1833 3894 alijs
1872 3817 2399 3896 provectioribus
2448 3838 2579 3881 non
2636 3818 2928 3882 intactis,

546 3920 822 3998 Irrepsit
842 3927 1065 3980 autem
1079 3917 1364 3995 primum
1393 3916 1706 3994 contagio
1735 3917 1860 3978 ista
1885 3936 1922 3977 a
1955 3917 2273 3980 Britanno
2302 3920 2586 3998 qvodam
2607 3920 2933 3999 piscatore

544 4022 612 4083 in
672 4022 891 4082 locum
948 4015 1376 4080 occidentalis
1433 4016 1745 4077 Islandiae
1778 4016 2181 4079 maritimum
2242 4018 2615 4095 Dffrafiord,
2652 4029 2717 4082 et
2777 4021 2931 4082 inde

542 4120 867 4202 paulatim
896 4119 1073 4180 vires
1101 4135 1368 4178 sumens
1398 4117 1479 4177 ad
1512 4125 1867 4197 utrumqve
1898 4117 2135 4179 insulae
2187 4118 2384 4193 latus,
2420 4120 2935 4198 septentrionale

543 4221 794 4284 scilicet
826 4228 892 4281 et
923 4217 1349 4279 meridionale
1381 4239 1396 4291 ;
1443 4217 1625 4278 lento
1643 4225 1863 4279 tamen
1898 4218 2110 4295 gradu
2141 4227 2208 4279 et
2240 4218 2554 4297 langvide
2572 4220 2928 4295 ferebatur,

538 4324 748 4384 donec
777 4318 1197 4382 oorientalem
1226 4318 1491 4396 plagam
1550 4326 1705 4379 ante
1734 4326 1801 4379 et
1833 4327 2008 4379 retro
2064 4319 2415 4392 obsideret,
2454 4319 2521 4380 in
2581 4340 2709 4399 qva
2754 4339 2932 4384 nunc

549 4427 704 4500 1637
737 4421 1032 4482 nondum
1062 4417 1280 4479 effoeta
1309 4417 1675 4479 etiamnum
1706 4417 1880 4480 vires
1908 4437 2063 4480 suas
2090 4417 2398 4481 intendit.

625 4521 890 4600 *Atqve
934 4522 1078 4579 haec
1107 4537 1183 4580 ea
1239 4526 1418 4592 sunt,
1454 4517 1703 4596 optime
1759 4519 1985 4590 lector,
2022 4537 2173 4597 quae
2230 4539 2319 4581 ex
2348 4520 2579 4582 multis
2635 4522 2931 4599 probatae

540 4622 694 4684 fidei
723 4621 1068 4683 hominum
1097 4618 1395 4698 epistolis
1423 4637 1501 4679 ac
1529 4617 1911 4680 domesticis
1940 4618 2215 4681 cartulis
2244 4618 2577 4699 varijsqve
2608 4620 2934 4699 rapsodijs
