3242 5684
997 561 1485 616 ANNALIUM
1509 561 1919 615 FARRAGO
2575 562 2646 624 17

249 736 427 796 clara
458 743 524 796 et
554 754 783 796 serena
814 735 922 796 die
952 734 1156 796 fuisse
1186 733 1405 796 acrem
1434 733 1573 796 sive
1605 734 1844 795 faciem
1873 733 2025 795 coeli
2055 733 2266 794 instar
2293 731 2638 810 sangvinis

260 837 533 898 rubeam
576 836 762 906 adeo,
798 844 871 895 ut
902 844 1160 896 montes
1217 833 1401 913 qvasi
1434 833 1730 895 inficeret
1787 832 2340 912 qvemadmodum
2370 833 2439 893 in
2497 839 2652 892 ortu

260 955 539 997 aurorae.
592 938 763 997 Item
799 932 1030 1014 [refert
1061 931 1259 996 idem¹
1283 933 1482 994 Anno
1520 938 1678 1010 1609
1709 942 2002 1012 tempore
2033 933 2264 994 aestivo
2291 941 2358 994 et
2387 934 2651 993 lucente

262 1035 421 1097 sole²
451 1035 842 1114 conspicuas
864 1030 1091 1096 fuisse⁸
1108 1035 1333 1096 stellas
1374 1030 1485 1114 [ad
1506 1031 1934 1100 Libonotum*
1952 1043 2184 1094 contra
2202 1040 2462 1094 naturae
2479 1031 2650 1092 ordi·

265 1154 413 1196 nem
466 1153 605 1196 sese
636 1135 943 1196 ferentes,
1036 1135 1278 1195 *Anno
1327 1134 1559 1195 eodem
1586 1133 1694 1194 die
1739 1133 2012 1196 Saturni
2043 1141 2197 1194 ante
2239 1132 2651 1194 Dominicam

266 1236 547 1308 Laetare,
584 1235 693 1315 qvi
756 1234 885 1296 fuit
923 1252 993 1312 17
1056 1233 1309 1312 Martij,
1346 1252 1603 1296 summa
1656 1241 1797 1294 erat
1855 1233 2027 1295 a‘e'ris
2083 1232 2530 1312 tranqvillitas
2584 1240 2652 1293 et

264 1334 649 1412 jucunditas
679 1354 828 1396 cum
860 1334 1205 1413 splendore
1254 1334 1413 1395 solis
1442 1334 1820 1412 gratissimo
1877 1353 2085 1414 usque
2128 1336 2210 1395 ad
2269 1333 2651 1406 meridiem;

266 1435 506 1496 deinde
551 1438 723 1514 qvod
782 1435 1109 1514 reliqvum
1168 1444 1307 1496 erat
1378 1433 1530 1509 diei,
1596 1443 1835 1496 exorta
1904 1444 2003 1496 est
2074 1433 2654 1496 vehementissima

270 1536 539 1611 frigoris
581 1535 1021 1609 inclementia,
1073 1554 1225 1615 quae
1266 1535 1533 1597 duravit
1578 1535 1780 1596 etiam
1831 1541 1903 1597 18
1949 1543 2015 1596 et
2066 1553 2139 1611 19
2203 1534 2452 1612 Martij,
2502 1552 2654 1595 cum

270 1643 736 1713 tempestatum
788 1655 864 1697 ac
896 1636 1149 1698 nivium
1202 1635 1410 1713 copia,
1449 1655 1598 1714 qvae
1650 1655 1782 1696 non
1813 1636 2029 1697 solum
2061 1634 2386 1696 subdialia
2415 1652 2654 1714 pecora

268 1754 499 1797 verum
524 1735 723 1796 etiam
754 1736 1053 1797 homines
1082 1735 1436 1796 crudeliter
1464 1736 1810 1814 oppressit.
1905 1739 1987 1797 In
2015 1735 2355 1814 provincia
2381 1738 2654 1813 Borgar-

268 1831 455 1896 firde³
501 1855 575 1896 10
604 1835 903 1898 homines
932 1844 997 1897 et
1030 1854 1153 1912 500
1180 1855 1337 1896 oves
1366 1835 1726 1914 perierunt.
1819 1838 1901 1896 In
1924 1836 2264 1915 provincia
2290 1835 2598 1896 Midfirde
2618 1854 2657 1912 4

270 1935 570 1996 homines
598 1936 724 1996 sub
752 1935 863 1996 dio
892 1936 1283 2014 expirarunt
1314 1954 1391 1996 ac
1419 1936 1733 2014 permulti
1753 1935 1864 2013 alij
1888 1937 2043 2014 gelu
2061 1935 2298 1998 misere
2327 1935 2657 1998 combusti

267 2043 446 2098 sunt.
508 2031 787 2116 [Incolae
816 2035 875 2113 ej
886 2055 963 2098 us
991 2036 1353 2115 provinciae
1383 2036 1747 2098 amiserunt
1777 2037 2007 2098 eodem
2045 2045 2339 2114 tempore
2368 2036 2548 2097 mille
2589 2043 2656 2097 et

272 2136 669 2215 qvingentas
725 2155 883 2198 oves
938 2156 1026 2197 ex
1088 2155 1166 2212 24
1225 2136 1645 2198 habitaculis,
1738 2136 1875 2214 Alij
1939 2137 2241 2198 scribunt
2283 2137 2418 2198 duo
2448 2135 2656 2196 millia

270 2235 497 2298 ovium
555 2235 829 2315 perijsse
886 2256 974 2298 ex
1031 2237 1144 2297 illa
1200 2236 1339 2298 sola
1398 2234 1790 2314 provincia.⁶
1872 2235 2116 2298 *Anno
2180 2242 2340 2298 1610
2395 2244 2660 2315 propter

268 2337 606 2398 insolitam
636 2337 833 2398 maris
861 2336 1363 2398 inundationem
1406 2333 1645 2418 [ejecta
1675 2345 1774 2400 est
1803 2338 1884 2398 ad
1915 2337 2144 2399 littora
2170 2336 2454 2415 insignis
2471 2337 2660 2414 copia

269 2436 577 2499 vivorum
593 2434 897 2515 piscium⁷
917 2437 985 2497 in
1006 2437 1347 2516 provincia
1368 2437 1674 2499 orientali
1707 2437 2124 2500 Hornafirde.
2230 2435 2367 2518 [Ad
2389 2437 2662 2500 unicum

272 2536 465 2598 littus
495 2537 938 2600 Saefarholum
976 2557 1154 2614 1400,
1197 2537 1353 2599 alibi
1393 2535 1602 2600 1000.⁸
1689 2541 2017 2600 Praeterea
2047 2539 2452 2601 incredibilis
2472 2538 2661 2616 copia

269 2645 337 2698 et
369 2637 773 2698 abundantia
803 2638 1331 2716 incomparabilis
1371 2635 1706 2717 [halecum
1763 2636 1904 2700 seu⁸
1929 2639 2398 2717 pisciculorum
2449 2640 2660 2702 minu-

271 2747 491 2800 torum
534 2735 951 2817 [cumulatim
982 2739 1259 2799 tendens
1288 2757 1494 2816 usqve
1550 2738 1632 2798 ad
1665 2758 1883 2816 genua
1939 2759 2258 2818 eqvorum
2313 2749 2380 2801 et
2437 2736 2666 2814 ultra,⁸

272 2840 431 2899 dum
472 2837 827 2899 insessores
875 2838 1101 2900 littora
1152 2846 1452 2916 peterent
1496 2838 1850 2900 indiscrete
1889 2840 2296 2917 colligenteS,
2340 2849 2664 2920 qvantum

273 2938 630 2999 voluerunt
703 2946 817 2999 aut
890 2947 1271 3016 potuerunt.
1366 2940 1540 2998 Item
1612 2939 1766 3000 talis
1848 2936 1956 3018 [ac
2000 2949 2186 3001 tanta
2259 2941 2665 3001 marinarum

276 3039 573 3100 focarum
606 3038 1011 3099 abundantia
1040 3047 1106 3100 et
1139 3038 1501 3100 multitudo
1530 3038 1758 3100 littora
1807 3039 2108 3118 replevit,
2143 3041 2382 3118 partim
2437 3040 2663 3101 exani·

275 3147 601 3199 matarum
635 3138 876 3216 partim
905 3139 1105 3200 etiam
1129 3137 1733 3218 vivarum,1qvanta
1763 3147 1829 3200 et
1861 3139 2073 3218 qvalis
2103 3159 2439 3219 nunqvam
2470 3147 2666 3201 antea

278 3240 601 3300 hactenus
629 3239 793 3310 visa,
823 3239 997 3300 adeo·
1016 3248 1090 3300 ut
1122 3239 1203 3300 a'd
1238 3256 1445 3300 unum
1473 3239 1802 3317 praedium
1854 3238 2162 3302 Stafafell
2193 3259 2316 3317 400
2367 3239 2664 3300 focatum

276 3334 735 3419 pertinerent.⁹
818 3338 1111 3402 *Eodem
1142 3334 1361 3400 anno¹⁰
1400 3338 1656 3416 peperit
1704 3358 1879 3400 uxor
1928 3339 2078 3400 Dni.
2117 3339 2427 3416 Sigvardi
2475 3336 2668 3402 Olai¹²

278 3440 713 3516 tergemelloS,
765 3439 846 3500 de
904 3438 1144 3518 qvibus
1186 3439 1320 3499 duo
1379 3439 1919 3517 supervixerunt,
1973 3458 2148 3501 unus
2190 3449 2410 3501 autem
2469 3448 2668 3501 natus

276 3550 601 3601 mortuus,
694 3539 938 3600 *Anno
967 3541 1197 3600 eodem
1228 3537 1575 3600 Dominica
1599 3539 1796 3600 tertia
1837 3538 2190 3604 Adventus
2217 3540 2446 3603 scribit
2502 3543 2661 3602 DnS.

281 3639 728 3702 Gudmundus
787 3637 959 3715 Olaj,
1026 3648 1249 3717 pastor
1304 3639 1373 3699 in
1433 3639 1778 3718 provincia
1850 3640 2249 3715 Landbrote,
2341 3638 2668 3720 [auditam

282 3741 487 3802 fuisse
516 3759 745 3802 vocem
777 3739 961 3819 qvasi
995 3739 1195 3800 unius
1224 3758 1564 3817 companae
1594 3740 1664 3800 in
1695 3737 1918 3802 aii-re.¹²¹
2000 3736 2285 3803 *¹⁸Anno
2314 3742 2542 3803 eodem
2595 3746 2668 3802 18

280 3840 663 3901 Decembris
683 3838 911 3900 scribit
938 3841 1096 3900 Dns.
1127 3837 1572 3916 Arngrimus¹⁴
1584 3840 1666 3900 de
1693 3842 2165 3902 commentario
2186 3841 2338 3902 Dni.
2367 3841 2672 3903 Doctoris

282 3939 560 4001 Davidis
618 3935 977 4016 Herlicij,¹⁵
1004 3939 1261 4018 physici
1321 3939 1746 4014 Lubecensis,
1796 3941 1878 4001 de
1930 3959 2087 4001 arcu
2145 3949 2472 4002 nocturno
2530 3941 2669 4001 sive

281 4040 449 4100 iride
506 4039 741 4115 lunari,
781 4039 981 4100 Anno
1046 4043 1203 4118 1609
1270 4045 1342 4100 16
1404 4040 1631 4117 Martij
1696 4039 1922 4101 multis
1979 4041 2140 4101 locis
2197 4050 2567 4116 conspecta,
2605 4049 2672 4101 et

280 4141 474 4201 docet
504 4141 630 4201 hoc
688 4148 1025 4202 meteoron
1057 4161 1142 4201 ex
1203 4149 1388 4218 parte
1421 4141 1626 4201 fuisse
1686 4140 2270 4216 hyperphysicum,
2306 4149 2371 4199 et
2432 4139 2672 4216 repetit

282 4242 493 4301 multa
512 4240 816 4322 exempla
835 4239 1147 4317 temporis
1164 4240 1502 4318 praeteriti,
1534 4239 1792 4319 qvoties
1811 4240 1940 4299 tale
1959 4240 2225 4316 signum
2246 4247 2674 4315 conspectum

280 4342 370 4402 sit
396 4340 477 4401 ab
507 4359 679 4400 anno
709 4348 860 4402 ante
893 4340 1231 4406 Christum
1257 4349 1490 4401 natum
1523 4357 1665 4400 202.
1759 4341 1931 4400 Item
1958 4339 2041 4399 de
2064 4338 2228 4398 iride
2259 4339 2496 4412 lunari,
2523 4359 2674 4418 qvae

282 4449 635 4518 conspecta
666 4448 763 4501 est
794 4439 863 4499 in
897 4439 1190 4500 Islandia
1219 4439 1465 4501 boreali
1499 4439 1698 4499 Anno
1736 4443 1894 4498 1610
1931 4457 2004 4514 14
2037 4439 2418 4501 Decembris
2474 4458 2674 4518 supra

281 4542 493 4603 nubes
520 4539 694 4604 inter
724 4539 1061 4600 meridiem
1092 4548 1156 4600 et
1187 4533 1669 4600 occidentem.¹⁶
1757 4540 1928 4598 Item
1959 4538 2041 4598 de
2071 4538 2200 4600 alio
2224 4548 2513 4601 meteoro
2532 4540 2676 4602 viso
