3242 5684
982 682 1472 736 ANNALIUM
1495 681 1905 735 FARRAGO
2559 685 2632 746 13

237 847 308 910 vi
342 849 870 911 absorberentur.
964 853 1216 912 Verum
1247 851 1460 913 Ottho
1503 859 1569 912 et
1602 849 1781 912 filius
1835 853 2024 926 Jonae
2053 847 2409 910 Thorsteni
2470 847 2632 910 vitae

235 967 383 1010 suae
412 951 885 1012 consuluerunt
905 951 1280 1028 arripiendo
1302 950 1632 1012 naviculae
1651 952 1877 1023 latera,
1903 969 2029 1029 qva
2051 949 2327 1029 qvisqve
2346 956 2625 1027 poterat,

235 1049 450 1110 donec
505 1069 542 1110 a
587 1049 825 1112 vicinis
883 1051 1391 1129 videntibusqve
1450 1051 1754 1112 littorum
1812 1049 2054 1111 accolis
2108 1057 2625 1110 succurreretur.

239 1150 480 1211 Ivarus
499 1169 656 1211 vero
685 1152 884 1224 Jonas
907 1158 972 1212 et
1002 1151 1420 1213 Sumarlidus
1440 1151 1569 1210 iam
1601 1151 1749 1211 tum'
1764 1150 2209 1228 exspirarunt,
2234 1156 2633 1228 qvapropter

236 1268 467 1310 omnes
511 1259 643 1310 tres
671 1250 740 1310 in
798 1251 1024 1311 eodem
1055 1251 1405 1328 sepulchro
1462 1249 1807 1327 coemiterij
1842 1249 2353 1328 L‘ogardalensis
2410 1257 2627 1309 tumu-

237 1349 484 1423 lantur,
521 1359 587 1410 et
618 1349 814 1411 simul
845 1352 1197 1429 parvulum
1229 1351 1433 1412 funus
1461 1370 1548 1412 ex
1580 1350 1828 1412 vicinio
1851 1350 2143 1412 adlatum
2174 1349 2403 1410 eadem
2433 1367 2629 1426 opera

237 1449 415 1510 inter
463 1469 574 1510 eos
628 1450 1085 1528 sepeliebatur.
1180 1450 1342 1515 Erat
1401 1451 1572 1513 forte
1631 1451 1701 1510 in
1758 1470 1835 1511 ea
1879 1449 2225 1526 coemiterij
2260 1457 2464 1528 parte,
2500 1468 2628 1527 qva

237 1549 781 1623 inhumabantur,
826 1551 1218 1630 antiqvioris
1247 1550 1586 1612 cadaveris
1645 1552 1848 1624 locuS,
1885 1550 1997 1629 qvi
2055 1552 2250 1611 modo
2279 1550 2473 1628 plane
2531 1549 2625 1610 in·

233 1649 432 1710 solito
463 1651 543 1710 ad
573 1650 1109 1728 septemtrionem
1139 1651 1605 1730 meridiemqve
1635 1652 1996 1730 spectabat.
2089 1649 2195 1711 Ad
2241 1657 2472 1728 pectus
2516 1649 2625 1709 ad·

235 1750 544 1811 volutum
594 1758 734 1811 erat
763 1769 1003 1812 saxum
1060 1751 1297 1828 ingens
1328 1770 1477 1812 cum
1537 1752 1687 1828 palo
1719 1751 1931 1812 ferreo
1988 1751 2056 1810 in
2089 1759 2329 1811 terram
2374 1748 2618 1822 defix0,

232 1849 408 1928 qvod
429 1850 689 1910 rettulit
719 1850 898 1912 villae
921 1850 1136 1911 incola
1164 1853 1368 1926 Jonas
1386 1847 1799 1912 Theodorus
1894 1850 2158 1911 Abinde
2189 1868 2414 1910 manes
2446 1849 2624 1911 Ivari

232 1957 301 2010 et
344 1952 534 2025 Jonae
562 1950 809 2011 ibidem
867 1951 993 2011 loci
1024 1951 1198 2011 inter
1255 1970 1323 2012 se
1356 1951 1668 2028 congredi
1729 1970 1845 2012 seu
1877 1949 2231 2027 confligere
2280 1949 2618 2011 dicuntur.

233 2048 553 2126 Herdijsa
581 2057 804 2110 autem
834 2050 1038 2111 vidua
1066 2051 1317 2112 interea
1349 2051 1732 2111 coelibatum
1762 2051 1989 2124 coluit,
2025 2051 2237 2111 donee
2294 2049 2626 2113 Stullerus

233 2148 646 2211 Godskalchi
676 2150 758 2212 de
790 2149 1158 2225 Geysteyre
1188 2170 1224 2210 a
1255 2149 1454 2212 Festo
1485 2150 1882 2212 Nativitatis
1910 2152 1992 2212 de
2026 2149 2441 2210 matrimonio
2472 2167 2623 2210 cum

232 2249 347 2309 illa
378 2251 828 2311 contrahendo
859 2250 1204 2326 cogitaret.
1301 2253 1463 2312 Mox
1501 2251 1883 2330 priusqvam
1916 2269 2021 2311 res
2066 2252 2148 2310 ad
2177 2250 2359 2311 illam
2404 2249 2623 2309 delata

231 2359 426 2421 esset,
464 2349 664 2428 coepit
695 2351 835 2428 ipsa
866 2350 1368 2412 intolerabiliter
1397 2371 1484 2412 ex
1513 2352 1719 2413 altero
1749 2352 1913 2429 pede
1941 2351 2181 2411 dolere.
2276 2351 2443 2412 Cum
2466 2367 2624 2410 vero

231 2450 500 2527 penitus
529 2451 596 2510 in
627 2450 921 2512 animum
953 2450 1328 2512 induxisset
1369 2452 1699 2514 Stullerus
1729 2470 1873 2512 eam
1921 2452 2005 2512 de
2034 2449 2293 2528 nuptijs
2342 2449 2619 2527 compel-

231 2549 388 2623 lare,
454 2551 927 2611 obversabatur
983 2551 1079 2611 illi
1145 2550 1554 2628 (Herdijsae)
1616 2551 1981 2613 secundum
2038 2551 2328 2630 qvietem
2386 2552 2623 2611 Ivarus

232 2657 545 2728 tanqvam
575 2651 942 2712 maritalem
994 2651 1537 2713 consvetudinem
1582 2671 1734 2712 cum
1776 2652 1888 2712 illa
1940 2652 2208 2712 habens,
2303 2648 2620 2714 Excitata

234 2767 503 2811 manum
560 2751 823 2812 exeruit
853 2752 960 2812 vel
1018 2760 1267 2813 terrore
1297 2753 1402 2813 vel
1460 2753 1771 2831 palpandi
1803 2752 2149 2824 desiderio,
2187 2769 2339 2812 cum
2396 2759 2619 2811 autem

231 2850 507 2910 eandem
538 2852 920 2925 retraheret,
960 2860 1273 2931 tanqvam
1292 2853 1724 2930 paralyticam
1748 2853 2163 2915 abhorrebat.
2257 2850 2445 2911 Alias
2468 2869 2619 2911 cum

232 2949 302 3010 in
335 2950 782 3024 hybernaculo
811 2961 1243 3030 pernoctaret,
1280 2952 1598 3030 strepitus
1627 2953 1863 3031 ingens
1892 2952 1959 3012 in
1985 2953 2197 3028 gradu
2225 2970 2341 3012 seu
2360 2950 2621 3029 pulpito

233 3050 595 3112 exauditus
612 3058 732 3112 est.
762 3050 930 3129 Mulj
939 3070 1010 3113 er
1027 3053 1350 3130 qvaedam,
1374 3072 1523 3131 qvae
1541 3052 1924 3125 accubabat,
1946 3052 2282 3112 lucernam
2297 3049 2617 3123 incendit3

231 3169 490 3212 reversa
547 3151 718 3212 vidit
772 3151 1126 3212 Herdisam
1185 3152 1503 3212 nudatam
1558 3151 1858 3213 vestibus
1913 3150 2246 3221 recubare,
2304 3149 2430 3209 nisi
2490 3168 2619 3228 qva

229 3250 508 3311 lodicem
565 3251 860 3311 humeris
917 3250 1234 3323 obvolvit,
1272 3269 1468 3329 qvam
1526 3250 1876 3310 infestator
1904 3249 2030 3310 iste
2087 3249 2361 3326 spiritus
2416 3249 2618 3310 etiam

231 3350 564 3411 mordicus
593 3349 846 3410 tenenti
875 3368 992 3427 per
1011 3349 1148 3410 vim
1179 3349 1436 3410 auferre
1461 3349 1826 3410 conabatur
1849 3372 1864 3423 ;
1911 3350 2331 3427 postmodum
2352 3348 2495 3410 visa
2518 3357 2618 3410 est

230 3449 494 3527 pustula
531 3448 723 3526 nigra
753 3458 820 3508 et
850 3449 1167 3526 pestilens
1197 3449 1265 3508 in
1297 3448 1527 3524 lingua
1559 3448 1707 3526 ejus
1751 3449 2201 3522 extuberasse,
2239 3467 2391 3528 quae
2439 3459 2615 3528 post·

234 3567 432 3626 quam
462 3547 729 3609 delituit
759 3570 773 3621 3
819 3548 1115 3625 lingvam
1146 3549 1354 3626 ipsam
1386 3549 1571 3627 qvasi
1609 3548 1847 3610 diffidit
1878 3556 1943 3611 et
1994 3569 2081 3611 ex
2110 3549 2384 3610 dimidia
2433 3559 2620 3628 parte

232 3647 481 3708 aridam
504 3646 790 3726 reliqvit.
844 3649 998 3709 Non
1021 3649 1220 3725 longo
1249 3656 1397 3727 post
1426 3657 1720 3728 tempore
1748 3650 1931 3712 venit
1961 3651 2289 3713 Stullerus
2316 3669 2609 3729 eamqve,

235 3755 308 3809 ut
357 3747 759 3821 decreverat,
796 3747 922 3808 sibi
966 3748 1338 3827 despondit,
1377 3749 1747 3827 mansitqve
1797 3749 2062 3824 ibidem,
2119 3751 2280 3812 dum
2328 3751 2617 3811 solennis

232 3846 628 3924 matrimonii
677 3847 1104 3909 denunciatio
1161 3859 1608 3927 perageretur.
1703 3852 2135 3928 Desponsatae
2190 3870 2349 3914 vero
2416 3851 2615 3929 eoepit

233 3954 420 4009 tanto
450 3947 696 4025 aegrius
718 3965 879 4022 esse,
918 3957 1162 4027 qvanto
1194 3950 1576 4028 nuptiarum
1607 3951 1929 4012 terminus
1958 3959 2098 4012 erat
2128 3951 2426 4024 vicinior,
2454 3951 2618 4012 adeo

233 4055 306 4109 ut
356 4065 598 4126 sponso
625 4048 880 4126 copiam
912 4048 1157 4110 faceret
1188 4069 1256 4110 se
1285 4049 1719 4129 relinqvendi,
1754 4050 1810 4112 si
1853 4052 2074 4112 vellet.
2168 4053 2364 4111 Pater
2392 4060 2615 4111 autem

233 4148 476 4222 viduae,
510 4149 670 4209 Dns.
699 4151 988 4224 Magnus
1011 4157 1253 4225 pastor,
1284 4149 1353 4209 id
1385 4169 1518 4211 non
1547 4151 1762 4211 solum
1805 4151 2045 4223 abruit,
2082 4151 2194 4210 sed
2214 4150 2435 4223 etiam,
2461 4151 2615 4228 qvia

231 4247 363 4309 filia
382 4248 465 4310 ob
490 4247 940 4309 infirmitatem
962 4249 1042 4308 ad
1065 4249 1404 4310 ecclesiam
1428 4251 1872 4327 parochialem
1902 4250 2138 4311 deduci
2170 4268 2301 4311 non
2330 4257 2607 4328 poterat,

229 4349 456 4410 sedulo
475 4348 884 4424 hortabatur,
911 4356 987 4409 ut
1010 4349 1342 4411 Stullerus
1361 4351 1589 4412 eodem
1608 4350 1716 4411 die
1742 4349 2089 4412 Dominico
2103 4349 2172 4410 in
2189 4349 2613 4425 Reykiafirde

235 4449 462 4526 (domo
491 4447 799 4510 videlicet
829 4448 1052 4510 viduae
1081 4449 1530 4527 desponsatae)
1565 4451 1901 4510 solennem
1932 4449 2331 4527 matrimonii
2368 4451 2609 4512 formu-

233 4550 360 4610 lam
406 4548 897 4626 pronunciaret,
935 4550 1107 4627 qvod
1159 4549 1360 4611 etiam
1389 4549 1701 4623 obtinuit,
1722 4558 1907 4611 ratus
1935 4551 2211 4612 fortasse
2256 4551 2615 4614 diabolicas

229 4647 601 4728 praestigias
647 4649 774 4710 hoc
802 4656 997 4726 paeto
1049 4648 1190 4711 fore
1219 4649 1460 4711 irritas.
1555 4650 1649 4711 At
1698 4668 1849 4711 cum
1879 4652 2211 4714 Stullerus
2259 4652 2612 4714 formulam
