3242 5684
489 643 570 702 68
1435 650 1800 704 ISLANDI
1800 649 1853 704 C
1844 651 1903 703 A

494 833 736 894 natam,
773 823 924 902 qvia
953 821 1070 884 diu
1101 833 1252 886 ante
1283 831 1508 884 nostra
1537 831 1835 901 tempora
1892 839 2255 883 concursus
2284 820 2415 882 fuit
2472 819 2881 898 plebeiorum

492 922 836 984 hominum
865 924 948 984 ad
979 923 1174 985 istam
1219 923 1517 984 arborem
1547 941 1699 984 cum
1744 922 2149 994 muneribus,
2186 921 2474 982 lucernis
2515 917 2883 996 officijsqve

491 1023 628 1084 vari
633 1023 714 1100 js,
745 1021 938 1102 plane
956 1023 1296 1102 papisticis
1313 1031 1506 1102 atqve
1529 1021 1979 1094 idololatricis,
2006 1021 2217 1082 donec
2238 1021 2323 1081 ad
2341 1017 2883 1099 superstitionem

489 1124 848 1186 tollendam
891 1122 1279 1185 exscindere
1309 1139 1650 1184 necessum
1682 1121 1901 1194 fuerit,
1938 1141 2085 1200 qvae
2130 1141 2309 1184 nunc
2337 1138 2565 1182 rursus
2592 1119 2881 1180 effloruit

492 1221 672 1298 foliis
698 1231 766 1284 et
797 1223 1126 1285 fructibus
1161 1222 1402 1284 iterum
1447 1221 1934 1294 amoenissima;
1982 1222 2257 1300 ideoqve
2300 1221 2577 1282 eandem
2636 1219 2883 1280 laedere

491 1323 732 1384 accolis
759 1332 859 1384 est
889 1323 1244 1401 piaculum.

575 1447 956 1519 Capitulum
1015 1446 1294 1506 XXVII.
1381 1437 1650 1514 Adjicio
1706 1446 2026 1516 praeterea
2068 1438 2137 1498 in
2194 1445 2533 1516 praerupto
2590 1436 2875 1515 qvodam

491 1548 716 1600 monte
771 1538 1112 1601 orientalis
1167 1539 1384 1616 plagae
1441 1537 1871 1616 conspicuum
1927 1557 2069 1598 esse
2126 1537 2385 1615 lignum
2458 1537 2733 1598 unicum
2805 1535 2893 1595 in'

490 1647 766 1717 ruptura
797 1639 1078 1716 qvadam
1100 1646 1166 1700 et
1193 1637 1566 1716 praecipitio
1587 1639 1853 1699 excelso
1882 1639 2161 1711 haerenS,
2192 1638 2367 1699 unde
2396 1656 2637 1698 nomen
2660 1636 2875 1697 monti

490 1738 866 1817 praedioqve
909 1738 1303 1815 subjacenti,
1354 1737 1683 1801 Staffafell
1726 1737 1881 1798 inde
1923 1738 2369 1810 denominatO,
2420 1737 2605 1816 qvasi
2664 1736 2877 1814 ligno-

493 1857 639 1900 rum
669 1847 960 1900 montem
988 1839 1262 1900 dixeris.
1353 1840 1570 1906 Locus
1591 1838 1661 1899 in
1690 1837 2057 1916 praecipitio
2074 1838 2334 1916 positus
2363 1837 2567 1898 ferme
2590 1838 2877 1898 inacces-

492 1957 606 2000 sus
658 1947 780 2000 est.
871 1936 1318 2000 Tentaverant
1351 1947 1572 1999 tamen
1631 1937 1831 2016 aliqvi
1865 1938 1983 1997 vix
2040 1937 2284 2017 absqve
2312 1937 2659 2016 dispendio
2716 1937 2881 1997 vitae

492 2039 721 2101 eodem
751 2039 1092 2118 pervenire
1121 2058 1197 2100 ac
1227 2039 1482 2114 lignum
1510 2037 1785 2117 propius
1812 2037 2077 2110 intueri,
2114 2037 2357 2098 scidias
2384 2057 2473 2098 ex
2501 2037 2617 2098 illo
2662 2055 2879 2115 repor-

491 2148 727 2213 tantes,
763 2139 1047 2201 abietem
1103 2138 1522 2200 durissimam
1579 2146 2147 2216 repraesentantes
2240 2138 2397 2200 Sive
2454 2137 2664 2213 igitur
2692 2136 2883 2198 locus

490 2240 816 2315 ejusmodi
845 2241 1185 2315 sylvarum
1213 2239 1371 2300 olim
1403 2238 1592 2300 ferax
1621 2246 1987 2311 censeatur,
2022 2237 2265 2298 dubius
2308 2239 2547 2310 haere0,
2587 2257 2671 2297 an
2717 2256 2877 2298 vero

491 2339 749 2416 lignum
779 2338 957 2400 istud
989 2338 1359 2400 solitarium
1389 2357 1596 2416 usqve
1654 2357 1692 2398 a
1724 2337 1985 2398 Noachi
2042 2337 2297 2399 diluvio
2325 2337 2569 2398 ibidem
2627 2339 2883 2398 haerere

491 2439 856 2517 putabitur,
915 2457 1067 2499 nam
1095 2446 1252 2500 sunt
1303 2438 1450 2515 ejus
1488 2438 1749 2516 generis
1798 2437 2174 2499 testimonia
2216 2438 2426 2516 plura,
2462 2438 2881 2516 qvemadmo-

493 2538 651 2598 dum
709 2539 777 2598 in
835 2538 1174 2598 altissimis
1217 2538 1573 2610 montibus,
1611 2547 1685 2598 ut
1744 2537 2445 2616 Spakonufellshoffda
2504 2538 2572 2598 in
2630 2537 2881 2598 boreali

493 2647 680 2716 parte
739 2637 1070 2711 Islandiae,
1109 2638 1488 2699 balenarum
1547 2657 1695 2699 ossa
1738 2638 1935 2700 hodie
1992 2638 2307 2717 repperiri
2352 2647 2533 2699 certo
2592 2646 2876 2712 constat,

496 2737 772 2798 fortasse
831 2737 1034 2797 etiam
1063 2736 1241 2810 alibi,
1277 2757 1426 2817 qvae
1482 2738 1642 2799 illuc
1672 2739 2002 2816 deportari
2062 2739 2182 2799 vix
2212 2747 2519 2816 poterant
2579 2738 2705 2798 nisi
2763 2756 2883 2816 per

495 2837 669 2898 idem
699 2837 1048 2898 diluvium.
1142 2837 1635 2916 Repperiuntur
1665 2857 1919 2917 qvoqve
1950 2839 2017 2898 in
2067 2839 2191 2900 hac
2220 2839 2601 2900 continente
2651 2839 2883 2916 procul

495 2957 532 2998 a
561 2938 725 2999 mari
757 2938 839 2998 ad
872 2937 1049 3016 ripas
1077 2937 1429 2998 fluviorum
1453 2939 1729 2999 conchae
1757 2949 1821 2999 et
1854 2939 2119 3000 testulae
2150 2938 2443 3012 marinae,
2474 2938 2589 3000 sed
2613 2957 2866 3010 vacuae,

493 3057 654 3117 qvas
682 3039 926 3100 ibidem
955 3047 1208 3099 creatas
1237 3047 1350 3099 aut
1381 3038 1769 3114 congenitas
1798 3038 2027 3098 sedulo
2056 3040 2437 3114 negaverim
2464 3061 2477 3111 ;
2525 3038 2885 3099 verisimile

493 3139 706 3216 magis
761 3158 901 3200 esse
959 3139 1222 3200 videtur
1251 3139 1462 3200 undas
1516 3137 1735 3216 pelagi
1780 3138 2133 3216 aliqvando
2189 3137 2347 3199 illuc
2406 3139 2875 3200 transvexisse.

498 3240 728 3317 Neqve
746 3240 1008 3313 desunt,
1034 3239 1142 3317 qvi
1164 3247 1491 3300 testantur
1509 3249 1765 3299 veteres
1788 3238 2077 3298 marinos
2105 3237 2348 3299 fluctus
2378 3240 2587 3300 multo
2615 3237 2885 3314 longius

494 3339 650 3400 olim
681 3340 802 3400 has
832 3348 1050 3417 partes
1081 3339 1402 3400 australes
1433 3346 1628 3399 terrae
1651 3346 1898 3399 nostrae
1921 3338 2277 3399 inundasse
2300 3358 2493 3417 qvam
2526 3357 2702 3399 nunc
2734 3337 2879 3399 fieri

493 3440 856 3501 consvevit.
947 3440 1206 3500 Vivunt
1237 3440 1412 3500 enim
1443 3439 1619 3518 apud
1652 3437 2170 3514 EyiafiallenseS,
2209 3439 2317 3518 qvi
2350 3439 2645 3500 referunt
2676 3457 2883 3499 saxea

490 3546 702 3611 antra,
721 3539 1012 3616 piscibus
1031 3539 1451 3616 detergendis
1478 3548 1670 3617 atqve
1699 3539 2132 3600 arefaciendis
2160 3539 2349 3600 valde
2372 3538 2637 3611 habilia,
2658 3538 2891 3599 littora

492 3637 629 3698 illic
661 3655 1035 3715 occupasse,
1073 3657 1221 3716 qvae
1253 3657 1428 3699 nunc
1459 3639 1659 3700 maris
1689 3639 1867 3699 unda
1898 3639 2091 3717 plane
2122 3635 2341 3716 tegit.¹
2428 3640 2683 3699 Rursus
2727 3657 2889 3699 vero

495 3736 651 3797 alibi
671 3745 912 3796 terram
937 3737 1121 3814 qvasi
1140 3756 1228 3798 ex
1249 3738 1444 3797 undis
1473 3740 1812 3798 emersisse
1845 3747 2125 3811 constat,
2152 3757 2301 3817 quae
2326 3757 2502 3800 nunc
2520 3738 2695 3800 sicco
2718 3739 2887 3816 pede

493 3835 828 3914 peragrari
851 3845 1146 3913 possunt,
1178 3855 1253 3896 ac
1276 3837 1719 3898 ostenduntur
1742 3837 2107 3904 etiamnum
2127 3837 2411 3914 vestigia
2432 3839 2887 3899 onerariarum

495 3936 767 3997 navium
795 3935 1100 3997 stationis
1127 3938 1356 4015 procul
1409 3955 1446 3996 a
1477 3937 1640 3997 mari
1693 3956 1768 3998 ac
1800 3938 2038 3998 rudera
2088 3938 2454 4011 domorum,
2494 3938 2891 4014 fragmentis

494 4036 724 4098 vitreis
754 4044 819 4096 et
850 4036 1166 4096 fictilibus
1196 4055 1271 4096 ac
1319 4035 1469 4112 alijs
1497 4037 1888 4114 qvibusdam
1942 4037 2387 4098 monumentis
2448 4046 2889 4098 mercaturam

493 4144 961 4198 excercentum
1005 4136 1454 4196 refertissima.
1549 4135 1771 4214 Atqve
1802 4138 1947 4198 haec
1998 4137 2311 4198 videntur
2339 4137 2673 4199 evidentia
2722 4138 2892 4198 satis

493 4236 868 4298 testimonia
919 4237 1000 4297 de
1031 4255 1293 4297 accessu
1346 4245 1411 4297 et
1443 4255 1700 4297 recessu
1755 4237 1954 4298 maris
1982 4255 2101 4316 pro
2144 4237 2531 4298 diversitate
2561 4239 2879 4301 locorum.

495 4338 638 4397 Nec
677 4336 840 4396 adeo
870 4335 1108 4396 mirum
1155 4345 1275 4410 est,
1311 4335 1636 4414 siqvidem
1687 4336 1755 4396 in
1788 4337 1933 4398 istis
1984 4336 2375 4415 qvibusdam
2405 4338 2567 4398 locis
2616 4339 2892 4400 annales

491 4444 819 4496 testentur
898 4435 1072 4512 ignis
1123 4437 1470 4514 eruptione
1523 4436 1699 4498 facta
1750 4438 2025 4514 pelagus
2076 4455 2384 4510 cessasse,
2424 4437 2652 4499 relicta
2704 4447 2881 4499 terra

558 4599 575 4630 ¹
592 4603 661 4650 In
684 4600 784 4650 the
801 4599 1024 4667 margin
1045 4615 1058 4650 ε
1102 4599 1424 4663 Hasteinar,
1455 4599 1844 4652 habitaculum
1870 4605 1926 4652 et
1948 4600 2244 4667 templum.
