3242 5684
400 555 481 614 44
1364 545 1830 601 JSLANDJCA

398 718 703 782 fortiores
732 737 951 782 coram
982 729 1267 798 pectore.
1366 719 1617 780 Deinde
1648 718 1846 797 pedes
1875 718 2012 780 bini
2059 719 2244 798 qvasi
2273 719 2400 780 sub
2439 718 2814 797 posterori-

400 821 525 882 bus
552 819 928 893 ventriculi,
966 828 1201 880 mutuo
1242 817 1585 895 conjuncti
1633 829 1947 898 tanqvam
1997 819 2342 897 ungviculi
2379 819 2820 880 avicularum

397 919 858 998 solidipedum,
888 919 1225 997 spinarum
1257 918 1466 979 instar
1498 918 1919 998 undiqvaqve
1941 918 2324 980 acuminati.
2392 918 2520 980 His
2550 937 2816 998 appen-

398 1019 642 1081 debant
702 1018 887 1098 qvasi
921 1019 1105 1080 tibiae
1164 1018 1341 1080 binae
1370 1019 1632 1092 solutae,
1669 1036 1746 1080 ac
1805 1036 2036 1080 rursus
2065 1018 2258 1080 unica
2317 1019 2520 1098 pinna
2583 1019 2822 1096 major

398 1138 549 1182 cum
580 1119 713 1181 illis
740 1119 1091 1180 minutulis
1111 1125 1585 1196 conseqventer
1607 1136 1813 1196 usqve
1837 1119 1918 1179 ad
1939 1119 2216 1180 caudam
2239 1117 2500 1181 iterum.
2603 1120 2826 1182 Color

400 1219 531 1284 fuit
562 1219 769 1281 totius
798 1217 1109 1297 corporiS,
1144 1226 1466 1297 qvantum
1495 1217 1824 1296 conjicere
1865 1226 2192 1296 poterant,
2230 1219 2436 1280 ferme
2476 1226 2828 1282 stanneus

400 1327 518 1380 aut
576 1317 1123 1396 subferrigineus,
1158 1325 1403 1396 praeter
1458 1335 1661 1380 unam
1717 1317 1958 1379 lineam
2017 1317 2464 1396 nigerrimam,
2511 1337 2682 1397 qvae
2747 1320 2826 1382 in

400 1419 604 1480 latere
634 1417 832 1497 piscis
854 1417 923 1479 in
954 1417 1373 1495 longitudine
1392 1417 1619 1496 liqvet.
1713 1417 2207 1497 Repperiuntur
2223 1417 2488 1496 qvidem
2507 1417 2832 1496 idgenus

402 1527 847 1580 monstrorum
904 1517 1308 1579 marinorum
1340 1526 1415 1579 ut
1473 1517 1759 1596 plurima
1789 1527 1986 1596 atqve
2017 1517 2222 1594 varia,
2259 1537 2410 1596 qvae
2465 1517 2520 1578 si
2573 1521 2830 1582 omnia

401 1619 583 1679 hisce
640 1617 918 1696 pagellis
960 1617 1298 1679 includere
1355 1616 1613 1692 vellem,
1663 1617 1868 1680 variae
1925 1635 2276 1680 numerum
2317 1617 2535 1679 dicere
2604 1638 2834 1682 coner

402 1736 612 1797 aqvae,
651 1725 725 1778 ut
755 1717 867 1778 ille
894 1716 1070 1778 dixit
1100 1717 1450 1796 qvondam.

486 1839 867 1914 Capitulum
896 1841 1047 1901 11x.
1132 1833 1263 1898 Sed
1286 1833 1439 1911 qvia
1461 1851 1780 1894 oceanum
1812 1833 2009 1912 paulo
2033 1833 2230 1896 altius
2259 1833 2608 1912 ingressus
2627 1855 2828 1913 sum,

402 1934 565 1996 alias
592 1952 849 2013 qvoqve
876 1933 1129 2011 species
1158 1933 1600 1995 maximorum
1632 1942 1924 1995 cetorum
1956 1953 2032 1996 ac
2069 1933 2453 1995 balenarum
2481 1943 2550 1995 et
2607 1955 2832 2014 gran-

400 2035 852 2096 diusculorum
924 2032 1206 2112 piscium
1279 2034 1481 2095 hocce
1552 2033 1847 2112 capitulo
1931 2033 2222 2095 breviter
2293 2043 2488 2112 atqve
2584 2037 2842 2101 obiter

400 2153 759 2208 recensere,
797 2152 918 2194 nec
948 2133 1091 2195 sine
1134 2133 1589 2208 admiratione,
1629 2133 1802 2212 qvod
1846 2151 2058 2212 spero,
2094 2151 2363 2212 operam
2405 2134 2608 2209 dab0,
2655 2157 2842 2202 nam

400 2236 777 2297 universam
798 2241 1065 2310 gentem
1090 2241 1424 2295 tantorum
1446 2233 1848 2294 mirabilium
1877 2233 2072 2312 pauci
2097 2243 2342 2296 norunt
2369 2257 2382 2308 ;
2429 2241 2846 2312 seqventiae

400 2354 557 2398 vero
588 2344 926 2413 utcunqve
954 2343 1111 2394 sunt
1154 2333 1370 2394 obviae
1400 2333 1849 2412 qvantumviS,
1881 2332 2032 2410 alijs
2061 2334 2442 2396 nationibus
2485 2335 2851 2413 plurimis

398 2436 629 2511 ignota
648 2433 952 2511 plurima.
1046 2432 1363 2510 Legimus
1381 2433 1448 2492 in
1470 2433 1761 2512 antiquis
1779 2433 2118 2495 codicibus
2135 2434 2366 2512 lingva
2385 2436 2842 2516 Norvegica,

400 2534 466 2594 id
526 2543 625 2594 est
684 2541 907 2593 nostra
966 2550 1165 2605 nunc,
1200 2533 1591 2611 conscriptis
1633 2533 1812 2608 olim,
1849 2534 2202 2612 aliqvando
2245 2544 2694 2614 conspectam
2731 2541 2850 2604 in-

402 2642 669 2711 gentem
718 2632 1007 2693 belluam
1036 2632 1105 2692 in
1155 2632 1299 2710 ipso
1327 2651 1573 2694 oceano
1602 2632 2010 2694 incredibilis
2037 2634 2469 2712 qvantitatis;
2515 2634 2856 2705 fortasse

399 2752 479 2795 eo
509 2741 821 2810 tempore,
858 2751 987 2810 qvo
1022 2727 1499 2808 Pangbrandus
1540 2733 1830 2812 qvidam,
1864 2733 2119 2812 primus
2148 2733 2572 2796 Islandorum
2605 2745 2854 2804 sacri-

400 2833 658 2906 ficuluS,
681 2831 947 2892 missam
979 2849 1177 2910 super
1196 2831 1390 2894 dorso
1420 2831 1914 2910 ejusintegram
1933 2832 2244 2894 recitasse
2264 2834 2528 2907 citatur,
2559 2836 2857 2906 datum

401 2935 553 3006 &c.‚
619 2952 767 3011 qvae
838 2931 1129 3010 corporis
1170 2931 1274 2992 sui
1346 2932 1518 2993 mole
1580 2934 1864 3010 qvodam
1935 2933 2130 2995 modo
2202 2934 2480 2994 formam
2555 2936 2862 3008 insulae

400 3033 693 3094 natantis
737 3031 999 3106 efficiat,
1037 3039 1229 3111 atqve
1260 3031 1597 3092 nonnullis
1641 3031 1790 3093 ideo
1819 3032 2086 3094 videtur
2127 3033 2419 3095 leviatan
2445 3034 2606 3109 Jobi
2663 3060 2852 3124 cap,

398 3152 499 3211 41.
538 3133 891 3194 simillima.
985 3131 1304 3212 Qvamvis
1333 3140 1555 3192 autem
1585 3131 1734 3208 ejus
1756 3139 1993 3194 natura
2023 3132 2212 3194 nobis
2233 3133 2320 3195 sit
2351 3135 2544 3212 plane
2571 3136 2864 3224 incog-

398 3234 561 3306 nita,
596 3242 816 3295 tamen
874 3233 957 3294 de
1000 3233 1229 3292 eadem
1280 3231 1599 3305 referunt,
1637 3232 1896 3310 qvoties
1952 3232 2241 3294 inediam
2299 3235 2585 3312 patitur,
2629 3241 2866 3311 rictu

397 3334 529 3394 oris
558 3334 626 3393 in
658 3333 1051 3393 immensum
1082 3332 1356 3392 diducto
1386 3332 1674 3393 halitum
1692 3341 2013 3406 eructare,
2039 3333 2236 3410 longe
2255 3335 2513 3413 lateqve
2539 3338 2638 3399 ab
2663 3345 2869 3424 alijs

396 3433 687 3511 piscibus
718 3432 1085 3504 odoratum,
1123 3432 1233 3509 qvi
1266 3432 1559 3509 praedam
1589 3431 1715 3492 sibi
1767 3441 2066 3509 paratam
2095 3434 2476 3507 sentienteS,
2507 3438 2658 3515 maj
2671 3462 2874 3512 ores

398 3551 549 3592 cum
609 3531 973 3592 minoribus
1024 3531 1321 3593 nidorem
1378 3540 1746 3610 seqventeS‚
1777 3551 1854 3592 eo
1911 3552 1981 3594 se
2032 3533 2376 3595 conferant
2434 3534 2503 3595 in
2569 3539 2872 3612 alvum

398 3631 657 3703 belluae,
696 3639 891 3708 atqve
920 3631 1015 3692 ita
1045 3630 1496 3708 imprudentes
1539 3631 1839 3709 eJ'usdem
1867 3651 2017 3693 esca
2059 3632 2221 3694 fiant
2252 3634 2335 3693 ad
2386 3632 2866 3714 satietatem,

400 3733 659 3792 Nomen
690 3730 815 3808 ipsi
847 3730 1147 3791 fecerunt
1178 3729 1483 3808 haffgufa
1508 3732 1590 3793 ab
1620 3731 1750 3792 isto
1773 3732 1979 3795 noxio
2000 3732 2209 3794 veluti
2236 3741 2569 3795 venenato
2593 3745 2870 3819 spira-

396 3832 566 3893 cu10.
661 3829 922 3903 Credat,
960 3830 1070 3907 qvi
1102 3830 1303 3902 volet,
1340 3848 1483 3890 mea
1515 3831 1683 3892 nihil
1714 3832 1936 3906 refert,
1975 3841 2235 3894 tantum
2266 3833 2630 3898 veritatem
2695 3845 2876 3914 lec-

397 3930 598 3993 tionis
656 3930 902 3991 adfero.
1016 3929 1300 3990 Affinem
1359 3929 1517 3991 huic
1574 3931 1889 3993 existimo
1947 3932 2254 4007 belluam,
2317 3953 2466 4012 qvae
2523 3953 2878 4016 mortua

396 4031 651 4110 adpulit
697 4031 778 4091 ad
824 4030 1015 4091 littus
1059 4030 1373 4091 Islandiae
1415 4031 1716 4105 borealis,
1768 4031 1876 4092 cui
1921 4051 2160 4095 nomen
2207 4033 2842 4114 Gudmundarl6n

396 4132 596 4192 Anno
647 4147 802 4208 1397
848 4130 1117 4191 immani
1164 4147 1455 4208 corpore,
1507 4149 1658 4192 cum
1703 4130 2032 4192 dirissima
2089 4133 2297 4194 fames
2339 4134 2597 4196 incolas
2673 4106 2882 4224 pre:

394 4239 619 4303 meret,
658 4230 768 4308 qvi
800 4249 930 4291 non
962 4231 1123 4291 satis
1153 4229 1411 4308 providi
1444 4231 1511 4292 in
1543 4250 1758 4292 escam
1791 4232 1872 4292 ad
1918 4231 2207 4293 inediam
2238 4233 2592 4296 levandam
2657 4263 2884 4316 con,

393 4339 759 4405 verterunt,
797 4339 992 4410 atqve
1021 4331 1489 4409 imprudentiae
1519 4350 1631 4392 eas
1661 4332 1986 4393 dederunt
2029 4351 2293 4410 poenaS,
2332 4342 2406 4395 ut
2451 4343 2894 4430 extemplo

395 4438 663 4492 centum
722 4431 1017 4492 virorum
1076 4430 1429 4508 expiraret.
1553 4431 1816 4511 Reliqvi
1877 4432 2182 4494 luctuoso
2241 4451 2396 4495 casu
2454 4445 2892 4522 perterriti

392 4532 813 4609 postmodum
886 4530 1371 4604 abstinuerunt,
1450 4531 1663 4593 donec
1732 4531 2204 4593 intercessione
2275 4532 2413 4594 divi
2503 4535 2896 4628 alicujus
