3242 5684
1080 563 1203 616 DE
1235 562 1458 616 MIRA
1465 560 1701 615 BILIB
1708 560 1809 614 US
2552 547 2625 603 61

255 735 838 815 Eyiafiallajiikull,
888 754 976 797 ex
1041 753 1172 814 qvo
1238 729 1659 795 Markarfliot
1722 749 1874 794 cum
1940 729 2275 808 adjunctis
2332 727 2625 807 profluit.

251 838 469 917 Atqve
514 836 624 898 bic
653 835 886 915 incipit
917 834 1245 897 habitatio
1274 832 1511 896 insulae
1540 831 1966 904 nobilissima,
2006 830 2297 891 Heklam
2341 836 2632 890 montem

251 957 288 998 a
351 945 540 1014 tergo
585 936 836 996 habens
899 953 1051 996 cum
1093 930 1546 1005 Tindfiollum,
1583 931 1923 1010 perpetuis
1964 929 2233 992 nivibus
2296 928 2625 990 obnoxiis,

253 1038 634 1116 Seqvuntur
662 1036 816 1096 duae
846 1033 1157 1111 Rangaar
1185 1041 1252 1094 et
1279 1028 1563 1106 Piorsaa,
1603 1050 1756 1093 cum
1797 1047 1920 1092 suo
1948 1047 2149 1091 cursu
2192 1027 2625 1107 rapidissimo,

255 1145 394 1198 tum
428 1135 712 1213 Huijtaa
741 1153 944 1213 prope
985 1133 1387 1196 Skaalbolltt
1423 1131 1616 1209 (alibi
1663 1129 2092 1206 Aulvessaa),
2130 1127 2323 1205 cujus
2364 1136 2632 1206 propter

255 1243 620 1298 monstrum
649 1234 1030 1296 inhabitans
1057 1233 1362 1312 superius
1411 1231 1587 1293 facta
1615 1240 1717 1293 est
1769 1229 2035 1292 mentio.
2128 1226 2218 1292 Et
2246 1227 2513 1307 qvidem
2561 1227 2631 1288 in

251 1335 376 1398 ista
418 1337 616 1415 plaga
688 1343 834 1413 post
877 1334 1058 1412 alpes
1099 1342 1164 1395 et
1207 1341 1464 1394 montes
1507 1331 1809 1393 horridos
1862 1338 1929 1391 et
1974 1329 2080 1391 vel
2122 1328 2297 1390 intra
2338 1327 2632 1406 ipsorum

253 1436 504 1498 viscera
533 1435 602 1496 in
633 1434 884 1513 tesqvis
913 1442 980 1496 et
1011 1433 1248 1507 arenis,
1288 1451 1418 1493 non
1448 1432 1663 1494 solum
1692 1428 2258 1502 solitudinaribuS‚
2286 1429 2401 1489 sed
2430 1427 2632 1489 etiam

252 1533 786 1615 provincialibus,
824 1535 969 1595 haec
995 1533 1218 1611 jacent
1260 1531 1572 1593 immania
1614 1547 1884 1610 prorsus
1924 1538 2201 1606 stagna:
2248 1526 2631 1606 Skejdarar-

254 1644 434 1709 vatn,
515 1632 954 1711 Grijmsvotn‚
1035 1630 1518 1710 Elldgiarvatn,
1595 1625 2071 1702 'runaarvatnz
2166 1626 2626 1705 Huithrvatm

254 1737 702 1812 Laugarvatn,
741 1733 1074 1812 Apavatn,
1111 1732 1540 1804 Sveinavatn,
1577 1717 1952 1806 Alitavatn,
1988 1740 2055 1793 et
2083 1729 2391 1791 omnibus
2433 1727 2632 1790 notis-

253 1835 490 1898 simum
537 1829 1089 1911 Pyngvallavatn,
1141 1831 1544 1906 Arnarvatn,
1607 1827 2185 1911 [Skoradalzvatn‚
2221 1829 2632 1906 Suijnadalz-

253 1939 430 2009 vatn,
499 1929 1010 2005 Puerfellzvatn,
1079 1929 1672 2004 Medalfellzvatn‚²
1702 1931 1769 1993 in
1828 1932 2069 2010 qvibus
2126 1932 2251 1992 hoc
2308 1931 2633 1992 succurrit

257 2035 564 2107 notabile,
602 2033 772 2113 qvod
817 2033 886 2094 in
917 2034 1153 2095 horum
1195 2033 1629 2111 qvorundam,
1667 2039 1886 2094 tamen
1916 2050 2049 2092 non
2096 2029 2411 2104 omnium,
2449 2030 2637 2091 alveo

255 2134 552 2214 pisciculi
583 2133 1028 2206 continentur,
1064 2132 1286 2211 pinnis
1311 2131 1618 2192 omnibus
1647 2139 2019 2192 antrorsum
2057 2129 2529 2208 spectantibuS,
2566 2129 2635 2189 in

260 2234 646 2313 qvibusdam
668 2251 826 2294 vero
849 2233 1150 2305 aviculae,
1175 2231 1390 2309 figura
1407 2241 1473 2292 et
1489 2240 1727 2292 natura
1744 2230 2133 2307 vulgaribus
2148 2228 2625 2303 dissimfflimae,

260 2335 468 2396 colore
499 2333 582 2394 ad
611 2333 906 2394 blavium
935 2341 1272 2409 vergente,
1311 2351 1458 2411 qvae
1497 2331 1566 2392 in
1597 2330 1839 2408 alpinis
1888 2330 2035 2390 istis
2064 2329 2250 2408 aqvis
2300 2328 2626 2402 habitant,

259 2444 493 2496 caetera
521 2451 789 2511 prorsus
817 2432 1086 2510 ignotae.
1180 2431 1286 2492 Ad
1310 2431 1755 2492 narrationem
1784 2430 1979 2491 redeo
2005 2453 2018 2503 ;
2066 2449 2103 2490 a
2132 2438 2318 2508 parte
2335 2429 2633 2491 occiden-

258 2535 368 2595 tali
430 2533 757 2595 Affricum
815 2540 1066 2611 spectat
1146 2531 1755 2609 Kffsevijkurberg
1810 2540 1877 2592 et
1951 2531 2349 2606 ReykianeS,
2414 2529 2637 2591 nautis

256 2633 560 2698 omnibus
609 2631 1046 2706 notissimum,
1085 2632 1260 2693 unde
1311 2632 1883 2706 Reykianessrost,
1940 2633 2177 2710 ijsdem
2228 2631 2635 2710 periculosus

259 2733 438 2812 qvasi
469 2741 725 2794 torrens
752 2731 1206 2811 rapidissimus
1235 2732 1430 2809 longe
1467 2731 1538 2793 in
1567 2721 1887 2794 oceanum
1916 2753 1986 2795 se
2016 2733 2403 2794 extendens,
2457 2729 2637 2792 Huic

261 2851 390 2894 non
431 2832 662 2911 procul
705 2832 956 2893 distant
1002 2829 1340 2906 Elldeyiar
1385 2849 1441 2905 2,
1494 2831 2033 2908 Gejrfuglaskier
2082 2852 2135 2907 1,
2187 2831 2529 2908 Gygeyiar
2572 2848 2629 2905 5.

260 2932 573 3012 Seqvitur
616 2930 1158 3005 Straumfiordur,
1196 2917 1708 3006 Stacksfiordur,
1769 2931 2175 3008 Kiefflavijk,
2212 2929 2627 3005 Stackavijk,

261 3030 813 3106 Haffnarfiordur,
852 3031 1047 3104 Seila,
1088 3030 1556 3106 Kollafiordur,
1594 3032 1706 3093 ubi
1754 3030 2015 3108 Eingej‚
2055 3031 2313 3105 Widey,
2354 3024 2628 3103 Perney‚

259 3131 557 3206 Akurey,
595 3118 918 3206 O'rffezey‚
955 3131 1254 3206 Lundey.
1349 3131 1878 3193 Promontorium
1904 3129 2079 3196 Esia.
2175 3127 2628 3201 Hualfiordur,

255 3231 626 3310 ibidemqve
672 3230 1036 3305 Andresey,
1088 3231 1522 3306 Huammsey,
1577 3226 1895 3306 Pyrilsey.
1989 3230 2293 3291 Akranes
2335 3246 2635 3306 promon-

259 3331 523 3393 torium.
619 3329 1118 3408 Borgarfiordur
1149 3349 1386 3392 nomen
1417 3340 1517 3392 est
1547 3331 1733 3392 sinus
1749 3339 1815 3392 et
1845 3330 2203 3409 provinciae
2222 3327 2634 3390 excellentis-

254 3431 458 3492 simae.
555 3430 688 3492 Hic
719 3427 981 3507 Huijta,
1019 3429 1333 3507 Grijm56‚
1373 3425 1604 3506 Puera„
1636 3428 1987 3506 Glififfura„
2022 3427 2351 3502 Nordura„
2379 3425 2631 3505 Langa„

257 3528 520 3607 Hy‘rtara
549 3539 614 3591 et
647 3528 1082 3591 Haffiardara„
1136 3531 1416 3605 Hersey,
1447 3529 1925 3605 Haffiardarey.
2020 3530 2274 3591 Deinde
2301 3528 2637 3592 Snaefellz-

251 3629 492 3708 sokun,
557 3638 623 3692 et
666 3629 1190 3709 promontorium
1234 3629 1380 3706 ejus
1437 3630 1884 3704 Snaefellsnes,
1936 3631 2049 3692 ubi
2094 3631 2259 3704 Lon,
2314 3628 2632 3706 Dritvijk,

257 3728 909 3807 Kolgraffarfiordur,
948 3714 1413 3791 Alfftafiordur
1442 3748 1649 3808 usqve
1680 3731 1762 3791 ad
1793 3730 2221 3806 Breidafibrd,
2252 3730 2437 3810 qvasi
2459 3730 2637 3792 latis-

251 3830 495 3891 simum
523 3829 742 3892 sinum
773 3829 1044 3903 dixeris,
1083 3829 1192 3908 qvi
1231 3829 1567 3891 immensis
1597 3849 1873 3892 numero
1916 3851 1992 3892 ac
2022 3832 2365 3893 fertilitate
2408 3830 2643 3892 insulis

253 3937 487 4003 scatet,
525 3929 594 3989 in
653 3929 896 4007 qvibus
953 3929 1244 3990 maxime
1301 3929 1590 3992 celebres
1648 3930 1902 4006 Flatey,
1939 3931 2374 4005 Sueffneyiar,
2416 3929 2637 3991 Biarn-

257 4029 460 4104 eyiar,
499 4029 652 4102 &c.,
689 4036 956 4107 propter
983 4028 1388 4106 piscaturam
1416 4029 1736 4091 habitatae
1767 4054 1781 4104 ;
1828 4050 1915 4092 ex
1939 4050 2068 4109 qvo
2097 4030 2281 4110 qvasi
2300 4030 2641 4091 derivatur

260 4127 859 4199 Huammsfiordur‚
898 4127 1324 4203 Gilzfiordur,
1357 4115 1856 4204 Krokzfibrdur,
1894 4147 2171 4208 qvorum
2201 4130 2474 4207 qvisqve
2504 4147 2636 4189 cer-

258 4237 400 4290 tum
457 4237 524 4290 et
584 4247 719 4289 non
788 4227 1114 4305 exiguum
1173 4229 1468 4290 amnium
1528 4247 1875 4290 numerum
1932 4228 2167 4306 exipit.
2291 4232 2446 4290 Post
2517 4231 2641 4290 hos

261 4328 639 4404 Reykianes
680 4335 956 4406 prostat.
1078 4324 1253 4389 Tum
1304 4323 1825 4402 Porskafiordur,
1879 4326 2362 4403 Guffufiordur,
2417 4330 2636 4390 Kolla-

261 4427 526 4502 fiordur,
566 4425 1065 4489 Kialkafiordur
1115 4445 1266 4489 cum
1297 4428 1436 4490 suis
1457 4427 1924 4507 promontoriis
1943 4427 2344 4503 Wattarne8‚
2382 4427 2638 4493 Skalm-

327 4592 530 4644 ¹Thus.
672 4590 691 4622 ²
712 4595 780 4642 In
805 4591 906 4642 the
929 4590 1170 4658 margin.
1267 4645 1276 4654 ,
