3242 5684
702 736 837 816 DE
891 734 1539 818 MlRAffluBUS
1599 733 2156 815 ISLANDIAE.

323 934 523 998 Anno
560 940 716 1015 1638
753 941 826 999 18
857 935 1111 1015 Aprilis
1135 936 1649 1015 descriptionem
1677 953 1896 998 rerum
1927 933 2437 1007 admirabilium,
2474 949 2624 1012 qvae

227 1033 307 1096 in
349 1036 564 1115 patria
607 1045 985 1112 occurrunt,
1023 1036 1265 1110 ordior,
1301 1036 1474 1116 qvod
1528 1035 1784 1099 utinam
1829 1044 1966 1096 tam
2019 1033 2217 1096 faelici
2270 1033 2504 1109 sydere
2548 1050 2626 1094 ac

228 1135 534 1214 auspicio
581 1155 779 1216 qvam
828 1137 1175 1200 voluntate
1232 1135 1537 1215 simplici,
1594 1145 1815 1198 mente
1865 1134 2148 1198 candida
2197 1142 2264 1196 et
2321 1131 2626 1196 veritatis

226 1235 479 1309 studio,
516 1237 984 1299 benevertente
1016 1237 1174 1311 De0,
1213 1236 1355 1298 fiat.

317 1359 698 1433 Capitulum
754 1362 807 1422 1.
896 1355 993 1415 De
1050 1353 1463 1415 mirabilibus
1519 1352 1834 1417 Islandiae
1893 1349 2348 1430 scripturienti
2410 1349 2623 1428 primo

222 1452 531 1514 omnium
559 1454 746 1515 sedes
773 1453 899 1516 loci
929 1455 1012 1515 ad
1043 1453 1177 1533 poli
1206 1453 1666 1527 elevationem,
1703 1453 1828 1514 sub
1857 1472 1988 1532 qvo
2017 1451 2328 1515 videlicet
2357 1450 2624 1512 climate

230 1560 355 1612 aut
383 1553 698 1630 parallelo
718 1554 847 1616 sita
875 1553 963 1614 sit
984 1554 1188 1632 regio,
1214 1553 1698 1615 enucleandum
1717 1571 1878 1627 esse,
1906 1552 2084 1613 haud
2107 1552 2363 1614 invitus
2385 1551 2619 1624 fateor,

228 1661 583 1731 propterea
634 1653 807 1733 qvod
838 1653 907 1714 in
955 1655 1081 1715 hac
1111 1653 1613 1715 ratiocinatione
1661 1653 1980 1732 plurimos
2026 1652 2379 1732 scriptores
2423 1650 2624 1731 pluri-

230 1770 420 1813 mum
448 1753 799 1815 dissentire
820 1753 1386 1832 deprehenderim.
1478 1752 1579 1819 Ea
1595 1772 1754 1815 vero
1771 1761 1871 1814 est
1893 1752 2142 1831 ingenii
2163 1751 2290 1814 mei
2311 1751 2620 1822 tenuitas,

232 1861 314 1913 ut
373 1853 674 1932 qvamvis
722 1873 761 1914 a
817 1855 1199 1916 doctissimo
1255 1853 1503 1932 pariter
1573 1872 1650 1915 ac
1720 1853 2199 1916 humanissimo
2247 1853 2411 1927 viro,
2451 1853 2620 1914 Dno.

230 1952 649 2015 Christierno
699 1955 1274 2032 Longomontano,
1330 1953 1401 2014 in
1451 1973 1521 2015 re
1572 1953 2013 2015 astronomica
2064 1952 2258 2014 facile
2312 1951 2618 2032 principi,

231 2053 468 2114 sedulo
526 2055 833 2116 hortatus
866 2063 934 2116 et
992 2055 1077 2116 ad
1121 2073 1267 2145 eam
1319 2073 1457 2116 rem
1508 2053 1875 2115 honorifico
1930 2071 2224 2128 munere,
2259 2053 2627 2132 quadrante

229 2151 681 2215 instrumento
698 2155 940 2233 optico,
966 2154 1326 2216 liberaliter
1340 2154 1704 2216 instructus
1721 2153 1980 2227 fuerim,
1997 2162 2216 2214 tamen
2236 2153 2343 2215 vel
2359 2163 2628 2231 propter

231 2253 715 2331 negligentiam
746 2263 813 2316 et
844 2254 1177 2316 inscitiam
1210 2273 1444 2329 meam,
1483 2263 1557 2317 ut
1587 2255 1876 2332 ingenue
1923 2253 2154 2327 fatear,
2192 2261 2308 2315 aut
2358 2261 2628 2331 propter

227 2353 846 2416 incommoditatem
907 2353 1113 2433 hujus
1170 2354 1319 2428 loci,
1384 2354 1495 2434 qvi
1549 2363 1650 2416 est
1707 2355 1778 2416 in
1849 2353 2262 2415 meridionali
2335 2353 2626 2414 Islandia

230 2452 635 2516 Skalholtiae
686 2456 872 2516 sedes
900 2455 1311 2534 episcopalis,
1348 2454 1418 2515 in
1468 2474 1595 2534 qva
1627 2474 1730 2517 me
1785 2472 2056 2533 prorsus
2084 2453 2436 2532 indignum
2477 2462 2627 2532 post

228 2553 534 2615 divinam
561 2554 1046 2634 providentiam
1078 2554 1287 2632 Regia
1312 2554 1630 2633 Majestas
1656 2556 2014 2616 clementer
2035 2554 2404 2617 collocavit.
2452 2555 2628 2618 Sunt

229 2654 417 2716 enim
459 2653 571 2716 hic
599 2663 857 2716 montes
897 2655 1425 2734 circumqvaqve,
1459 2655 1803 2718 obstaculo
1831 2674 1962 2734 qvo
2013 2654 2232 2716 minus
2258 2663 2494 2717 exacte
2544 2655 2627 2718 ad

228 2753 385 2831 ejus
442 2754 891 2831 cognitionem
933 2755 1243 2817 devenire
1299 2773 1587 2835 possum.
1683 2755 1862 2816 Malo
1918 2755 2354 2834 obseqventer
2410 2754 2627 2817 locum

230 2857 396 2916 dare
426 2854 707 2916 aliorum
735 2855 1172 2917 eruditiorum
1200 2855 1551 2918 sententiae
1579 2875 1776 2935 qvam
1804 2855 1888 2916 de
1919 2873 2063 2916 meo
2091 2855 2332 2934 qvippe
2375 2855 2630 2918 incerto

234 2963 483 3016 temere
514 2955 762 3034 aliqvid
793 2955 950 3018 novi
980 2964 1293 3029 statuere,
1330 2974 1601 3034 sperans
1619 2955 1784 3016 mihi
1807 2955 2068 3017 veniam
2090 2955 2255 3029 dari,
2283 2955 2340 3016 si
2365 2964 2628 3017 tantum

188 3093 203 3110 .
234 3055 524 3129 illorum,
561 3055 674 3134 qvi
726 3056 988 3134 propria
1018 3055 1475 3118 observatione
1523 3075 1642 3134 per
1670 3057 1980 3118 baculum
2026 3055 2254 3131 Jacobi
2285 3064 2400 3117 aut
2444 3055 2625 3118 aliud

234 3155 521 3234 qvodvis
550 3155 1068 3218 instrumentum
1100 3156 1443 3218 nauticum
1487 3157 1568 3217 ad
1614 3155 1709 3218 rei
1751 3155 2120 3230 veritatem,
2157 3155 2321 3216 mihi
2364 3155 2630 3234 qvidem

235 3255 531 3316 maxime
560 3255 939 3330 verisimile,
964 3256 1221 3318 aditum
1252 3265 1616 3330 tentarunt,
1644 3255 1972 3334 judicium
2000 3273 2236 3333 seqvar
2283 3255 2627 3334 simplicis-

234 3355 423 3431 sime,
462 3357 545 3416 de
596 3374 877 3435 qvorum
908 3374 1183 3418 numero
1232 3375 1412 3418 nunc
1442 3356 1758 3435 temporis
1807 3364 1907 3417 est
1936 3365 2261 3418 mercator
2289 3365 2619 3432 strenuuS,

234 3455 343 3517 vir
434 3456 925 3535 beneprobatus
996 3456 1409 3518 nostratibus
1493 3455 1926 3536 inprimisqve
1996 3457 2220 3531 solerS,
2295 3457 2632 3532 Johannes

236 3555 627 3618 Nansonius
657 3555 740 3616 ad
770 3565 1037 3634 portum
1084 3554 1441 3630 Kieflavik,
1479 3556 1592 3635 qvi
1623 3556 1690 3617 in
1737 3555 1960 3618 libello
1989 3557 2274 3636 qvodam
2323 3567 2630 3620 accurate

231 3656 544 3733 designat
575 3656 1014 3718 elevationem
1045 3656 1179 3735 poli
1209 3657 1278 3716 in
1308 3655 1515 3733 varijs
1544 3656 1706 3718 locis
1749 3657 2083 3731 Islandiae,
2121 3676 2252 3719 non
2302 3657 2632 3720 inutiliter

235 3777 278 3818 a
336 3775 404 3818 se
448 3757 554 3818 vel
611 3755 763 3833 alijs
805 3757 1265 3831 observatam;
1313 3756 1574 3834 legatur
1631 3756 1755 3818 iste
1797 3757 1964 3819 liber
2022 3758 2275 3820 Danico
2317 3757 2630 3821 idiomate

234 3875 613 3936 expressus.
708 3857 883 3917 Nam
942 3858 1069 3918 hoc
1100 3865 1316 3918 totum
1373 3857 1717 3934 negotium
1763 3857 2027 3920 facilius
2082 3878 2160 3920 ac
2206 3859 2489 3920 faelicius
2545 3861 2628 3920 ad

234 3958 381 4019 loca
411 3956 539 4017 ista
571 3955 921 4029 maritima,
953 3956 1037 4017 ab
1066 3957 1297 4018 eodem
1320 3957 1545 4030 citata,
1576 3957 1860 4018 discerni
1885 3967 2104 4036 potest
2124 3977 2319 4037 qvam
2337 3977 2536 4037 supra
2559 3959 2630 4019 in

232 4057 401 4119 locis
449 4055 926 4118 habitabilibus
976 4056 1316 4119 montosis,
1410 4057 1515 4118 Ne
1566 4065 1787 4118 autem
1836 4057 2147 4118 lectorem
2193 4067 2623 4132 commoveat,

232 4157 411 4236 qvod
444 4156 880 4217 elevationem
909 4155 1106 4217 istam
1135 4157 1205 4216 in
1237 4156 1561 4218 admirato
1593 4157 1890 4230 habeam,
1929 4166 2159 4235 utpote
2188 4175 2340 4236 quae
2389 4158 2627 4220 consti-

234 4267 387 4320 tuta
418 4274 556 4317 esse
587 4255 874 4330 videtur,
911 4257 1503 4335 qvantumqvidem
1532 4275 1658 4332 ego
1708 4255 2014 4333 conjicio,
2049 4258 2175 4319 sub
2204 4257 2347 4334 ipso
2397 4256 2629 4320 Arctoi

229 4357 369 4437 poli
399 4356 714 4435 parallelo
735 4364 852 4417 aut
874 4356 1097 4429 etiam,
1124 4356 1192 4417 ni
1210 4355 1423 4430 fallor,
1447 4356 1517 4417 in
1537 4355 1835 4433 ejusdem
1850 4356 2134 4418 climatis
2153 4357 2336 4436 qvasi
2357 4359 2624 4434 angulo,

236 4475 509 4518 mecum
560 4474 806 4534 qvaeso,
866 4455 1208 4518 intueatur
1255 4474 1451 4534 porro
1500 4455 2109 4518 dissimilitudinem
2180 4458 2632 4536 qvantitatum

230 4557 497 4619 dierum
561 4575 635 4617 ac
697 4555 993 4617 noctium
1055 4564 1190 4617 tam
1256 4556 1324 4617 in
1384 4555 1673 4618 solstitio
1743 4556 2025 4618 brumali
2100 4576 2295 4636 qvam
2369 4560 2626 4623 aestivo.
